2346 3704
383 161 712 232 arcamarcaa
991 148 1035 215 st

100 315 254 393 “faciam
272 337 371 398 neque
390 326 445 380 tua
465 338 564 393 causa,
584 318 637 380 sed
656 339 732 394 mea,
753 339 800 394 ne,
820 317 846 381 si
865 318 923 382 tibi
943 319 982 383 sit

99 400 225 476 pecunia
247 400 399 477 adempta,
421 400 531 478 aliquis
553 398 643 473 dicat,
664 400 697 459 id
716 400 756 460 ad
776 420 825 460 me
844 410 981 507 ereptum

97 478 273 556 pervenisse,
296 478 378 557 quod
401 479 537 539 delatum
561 480 624 539 acci
647 500 696 540 ere
719 478 889 541 noluissem.
948 480 981 541 A

97 576 155 634 quo
183 578 252 618 cum
280 557 450 637 quaesisset,
470 578 529 636 quo
556 580 587 619 se
636 559 723 619 eduoi
742 559 845 633 vellet,
867 569 896 621 et
918 559 979 635 ille,

95 635 241 711 Athenas,
264 638 398 709 dixisset,
421 636 604 717 praesidium
626 638 719 712 dedit,
736 648 772 699 ut
792 648 858 700 tuto
878 659 980 720 perve-
1014 638 1034 700 5

95 716 182 777 niret
222 717 331 796 Neque
342 736 415 779 vero
436 717 468 777 id
487 719 559 777 satis
577 718 694 792 habuit,
706 719 760 778 sed
773 719 873 792 etiam,
888 729 923 780 ut
936 720 979 780 in·

94 795 225 858 violatus
246 798 280 857 in
301 817 412 858 navem
433 798 612 870 escenderet,
631 817 687 876 per
706 796 871 859 Chabriam
885 798 979 860 Athe·

94 875 236 950 niensem,
257 878 296 936 de
319 896 379 956 quo
402 897 494 955 supra
517 877 699 937 mentionem
719 878 853 951 fecimus,
873 880 977 941 effecit.

92 954 306 1017 Abstinentiae
328 957 387 1017 erit
409 956 467 1016 hoc
490 957 562 1017 satis
585 957 799 1018 testimonium.
839 957 978 1019 Plurima

92 1037 216 1114 quidem
235 1037 370 1130 proferro
389 1055 558 1116 possemus3
584 1036 637 1097 sed
660 1037 767 1097 modus
790 1036 978 1100 adhibendus
992 1037 1032 1101 10

91 1126 145 1188 est,
159 1137 305 1196 quoniam
325 1136 386 1176 uno
406 1116 464 1176 hoc
476 1115 632 1178 volumine
647 1117 745 1179 vitam
765 1117 977 1179 excellentium

90 1196 228 1257 virorum
249 1194 450 1274 complurium
472 1196 651 1257 concludere
670 1196 888 1271 constituimus,
907 1219 978 1278 quo

90 1295 159 1336 rum
183 1276 348 1356 separatim
371 1276 476 1337 multis
499 1277 623 1337 milibus
642 1298 785 1338 versuum
809 1278 977 1361 complures

88 1357 147 1416 seri
170 1366 251 1417 tores
264 1365 335 1417 ante
348 1376 402 1417 nos
415 1357 617 1435 explicarunt

163 1484 171 1497 .
194 1435 269 1497 Fuit
289 1437 381 1496 etiam
401 1436 538 1509 disertus
551 1448 587 1497 ut
599 1457 687 1498 nemo
700 1437 728 1499 ei
742 1437 903 1501 Thebanus
920 1460 979 1520 par
991 1438 1031 1500 15

87 1526 165 1578 esset
179 1516 354 1596 eloquentia
357 1537 369 1590 3
383 1536 480 1595 neque
491 1517 593 1594 minus
606 1518 769 1579 concinnus
783 1521 815 1579 in
828 1520 977 1582 brevitate

87 1597 291 1676 respondendi
319 1617 410 1675 quam
437 1597 471 1656 in
518 1607 643 1675 erpetua
675 1599 810 1660 oratione
842 1610 974 1661 ornatus.
1063 1633 1068 1639 ·

87 1676 214 1737 Habuit
237 1676 468 1737 obtrectatorem
491 1616 695 1739 lleneclidam
718 1679 879 1758 quendam,
899 1680 977 1740 indi-

87 1757 158 1817 dem
184 1755 305 1829 Thebis,
325 1765 356 1816 et
381 1756 589 1818 adversarium
616 1757 649 1817 in
676 1759 916 1819 administranda
942 1780 975 1819 re

86 1837 224 1918 publica,
237 1837 310 1897 satis
327 1837 526 1897 exercitatum
546 1837 579 1899 in
599 1838 735 1911 dicendo,
749 1848 784 1899 ut
797 1838 975 1899 Thebanum
990 1838 1029 1899 20

85 1918 213 1979 seilicet
253 1916 395 1995 Namque
414 1917 463 1976 illi
481 1919 564 1996 genti
582 1918 651 1996 plus
667 1919 744 1977 inest
757 1918 869 1980 virium
882 1938 974 2011 quam

86 1997 213 2077 ingenii.
254 1996 295 2069 Is,
312 1997 393 2075 quod
414 1997 446 2055 in
467 2018 499 2056 re
519 1998 645 2057 militari
665 1997 771 2057 florere
791 1997 976 2077 Epaminon-

87 2078 162 2139 dam
185 2075 318 2150 videbat,
342 2077 459 2136 hortari
482 2076 598 2137 solebat
621 2076 788 2150 Thebanos,
810 2088 845 2138 ut
868 2099 973 2157 paoem

34 2190 46 2197 ·
87 2157 172 2220 bello
189 2158 381 2229 anteferrent,
396 2177 435 2218 ne
454 2156 537 2216 illius
557 2157 746 2236 imperatoris
758 2178 850 2236 opera
862 2159 974 2220 deside·

88 2247 217 2299 raretur.
258 2237 343 2298 Huic
362 2237 424 2310 ille,
446 2237 596 2311 “Fallis,''
617 2238 727 2316 inquit,
751 2240 869 2300 “verbo
893 2240 973 2302 cives
987 2238 1027 2299 25

88 2327 167 2391 tuos,
181 2318 261 2397 quod
275 2319 330 2378 hos
342 2338 362 2378 a
375 2317 456 2378 bello
470 2338 595 2391 avocas;
616 2319 671 2378 otii
685 2318 765 2378 enim
779 2321 900 2380 nomine
915 2341 973 2380 ser·

88 2400 219 2462 vitutem
240 2398 391 2459 concilias.
431 2397 514 2459 Nam
528 2398 647 2477 paritur
658 2418 723 2478 pax
736 2399 824 2461 bello.
865 2399 973 2481 Itaque

89 2480 143 2559 qui
165 2499 201 2539 ea
222 2479 341 2538 diutina
354 2477 463 2540 volunt
482 2477 552 2551 frui,
566 2478 647 2539 bello
666 2480 823 2540 exercitati
844 2501 905 2541 esse
924 2481 974 2540 de-

89 2560 170 2621 bent
212 2558 317 2635 Quare
329 2558 355 2618 si
368 2559 517 2638 principes
528 2558 674 2619 Graeciae
683 2560 777 2621 vultis
787 2581 857 2634 esse,
869 2561 972 2622 castris

90 2650 135 2700 est
148 2638 233 2700 vobis
246 2639 402 2711 utendum,
412 2659 473 2698 non
487 2639 665 2717 palaestra’'
706 2638 792 2700 idem
806 2641 858 2701 ille
871 2641 973 2703 Mene·
986 2639 1026 2700 30

91 2720 185 2780 clidas
199 2738 268 2778 oum
282 2718 353 2778 huic
367 2718 517 2797 objiceret,
532 2720 613 2798 quod
629 2719 738 2779 liberos
757 2741 819 2781 non
839 2721 972 2794 haberet,

91 2819 186 2878 neque
194 2819 320 2858 uxorem
328 2798 471 2870 duxisset,
480 2800 671 2878 maximeque
682 2800 881 2875 insolentiam,
892 2802 971 2880 quod

91 2880 149 2939 sibi
164 2878 399 2956 Agamemnonis
420 2878 493 2937 belli
513 2878 642 2957 gloriam
662 2879 816 2941 videretur
836 2902 972 2941 consecu-

92 2967 149 3031 tus,
173 2958 269 3031 “At”
294 2958 356 3030 ille,
381 2958 536 3032 “desine’'
564 2959 673 3038 inquit,
701 2960 907 3033 “Meneclida,
934 2961 972 3020 de

93 3058 185 3099 uxore
197 3039 272 3098 mihi
287 3058 326 3098 ex
348 3037 470 3097 robrare
482 3058 489 3110 ;
502 3057 575 3097 narn
588 3039 703 3099 nullius
713 3039 745 3098 in
756 3040 814 3100 ista
828 3061 860 3099 re
873 3039 972 3116 minus
987 3037 1026 3097 35

94 3120 138 3179 uti
151 3118 272 3178 oonsilio
286 3059 383 3179 voliss’
426 3116 586 3194 (Habebat
606 3119 686 3177 enim
706 3117 892 3179 Meneclides
912 3139 972 3179 sus·

95 3198 237 3278 picionem
250 3197 417 3271 adulterii.)
460 3201 477 3228 “
486 3197 579 3274 Quod
593 3207 696 3258 autem
709 3218 758 3257 me
772 3197 973 3276 Agamemno·

94 3297 159 3338 nem
171 3277 318 3338 aemulari
332 3286 430 3355 putas,
440 3277 563 3337 falleris.
604 3277 745 3353 Namque
759 3277 812 3335 ille
826 3293 895 3334 cum
908 3275 973 3332 uni-

94 3377 175 3421 versa
188 3356 318 3419 Graecia
331 3356 386 3417 vix
406 3358 509 3417 decem
529 3356 619 3415 annis
637 3374 730 3413 unam
751 3353 830 3429 cepit
849 3349 973 3422 urbem3
