2346 3704
101 178 104 187 .
137 120 180 185 30
242 109 244 113 ’
413 135 625 183 1111111111
656 137 851 186 11111111.

190 313 264 372 quos
290 292 445 353 invocatos
468 292 593 354 vidisset
618 293 651 352 in
678 293 753 367 foro,
777 314 881 355 omnes
901 294 1087 373 devocaret;
1166 306 1167 349 ἶ

211 373 271 432 uod
298 372 396 432 facere
424 371 545 431 nullum
572 374 653 432 diem
677 374 946 453 praetermittebat.
989 377 1087 441 Nulli

189 393 262 513 ides
282 453 354 531 ejus,
374 452 454 511 nulli
474 472 574 531 opera,
594 453 674 512 nulli
701 474 748 514 res
776 455 936 516 familiaris
962 457 1086 532 defnit3
1166 476 1167 479 ’

189 532 301 592 multos
326 531 540 610 locupletavit3
568 533 737 612 complures
761 555 909 613 pauperes
933 546 1085 612 mortuos,
1166 546 1167 595 ἱ

157 610 176 671 5
191 613 243 692 qui
258 611 338 672 unde
352 612 528 671 efferrentur
537 632 599 672 non
612 613 811 692 reliquissent,
822 634 877 674 suo
891 625 1017 694 sumptu
1029 639 1085 677 ex·
1166 608 1167 659 1

190 692 269 752 tulit.
310 691 360 753 Sic
383 711 415 751 se
439 692 569 769 gerendo
592 693 717 753 minime
738 701 783 753 est
802 694 1028 771 mirandum‚si
1049 706 1084 760 et
1166 712 1167 741 ³

189 772 254 833 'vite
268 773 331 853 ejus
343 771 404 832 fuit
416 791 521 832 secura
535 781 566 832 et
578 792 658 833 mors
673 772 789 834 acerba.

521 1003 746 1015 ——-—-—-

408 1180 483 1252 VI.
513 1178 852 1256 LYSANDER.

524 1331 737 1374 -οοζιοςοο-

228 1418 254 1482 Ι.
281 1418 465 1481 Lrsnnonn
495 1418 752 1481 Lacedaemonius
779 1442 923 1501 magnam
950 1422 1080 1505 reliquit
1166 1452 1167 1513 p

188 1500 235 1560 sui
258 1500 381 1574 famam,
404 1501 501 1578 magis
524 1498 670 1560 felicitate
692 1521 784 1579 quam
806 1503 921 1564 virtute
943 1513 1078 1583 partam.
1166 1544 1167 1549 κ

135 1581 174 1645 10
188 1580 387 1641 Athenienses
400 1581 482 1640 enim
495 1580 526 1645 iu
541 1579 773 1658 Peloponnesios
786 1591 872 1642 sexto
886 1591 917 1643 et
930 1584 1077 1646 vicesimo
1166 1586 1167 1643 1

187 1680 268 1722 anno
281 1660 396 1720 bellum
402 1668 545 1739 gerentes
563 1659 724 1720 confecisse
742 1670 878 1740 apparet
920 1662 1029 1743 Neque
1041 1664 1076 1725 id
1166 1658 1167 1729 1

187 1761 249 1821 qua
261 1741 377 1801 ratione
391 1747 567 1800 consecutus
579 1739 627 1812 sit,
642 1739 725 1801 latet.
766 1741 838 1802 Non
858 1742 940 1802 enim
958 1744 1076 1806 virtute
1166 1814 1167 1817 Ἴ

186 1821 234 1881 111
261 1820 418 1894 exercitus,
442 1819 494 1879 sed
518 1818 708 1880 immodestia
728 1820 844 1881 factum
866 1831 910 1882 est
934 1822 1075 1885 adversa
1166 1824 1167 1827 ’

186 1902 310 1974 riorum,
325 1901 386 1981 qui,
400 1899 481 1979 quod
496 1899 577 1959 dicto
590 1899 746 1960 audientes
760 1901 992 1981 imperatoribus
1010 1904 1074 1966 suis

134 1982 173 2045 15
187 2002 248 2042 non
262 1989 356 2055 erant,
370 1979 513 2059 dispalati
527 1979 559 2038 in
573 1980 663 2059 agris,
676 1980 790 2040 relictis
804 1982 941 2056 navibus,
955 1983 988 2043 in
1006 1983 1074 2044 hos·
1166 1992 1167 2021 ³

187 2063 264 2122 tium
284 2069 433 2123 venerunt
444 2067 639 2153 potestatem.
680 2059 751 2136 Quo
772 2060 852 2122 facto
870 2061 1072 2125 Athenienses
1166 2072 1167 2089 ¹

186 2163 217 2203 se
233 2141 479 2203 Lacedaemonas
499 2140 688 2201 dediderunt.
730 2140 801 2201 Ha'c
814 2142 942 2204 victoria
955 2143 1072 2224 Lysan-
1166 2172 1167 2201 3

186 2224 241 2283 der
264 2221 369 2294 elatus,
393 2241 463 2282 cum
490 2229 580 2281 antea
606 2240 724 2300 semper
746 2221 887 2283 factiosus
908 2224 1073 2303 audaxque

186 2302 298 2375 fuisset,
319 2302 361 2362 sie
381 2300 438 2361 sibi
458 2301 595 2374 indulsit,
608 2309 645 2362 ut
660 2302 724 2380 ejus
744 2322 836 2381 opera
854 2303 887 2362 in
900 2304 1071 2365 maximum
1166 2338 1167 2393 ἦ

132 2385 173 2447 20
187 2383 290 2443 odium
314 2381 460 2443 Graeciae
484 2380 718 2442 Lacedaemonii
745 2384 946 2461 pervenerint.
988 2383 1070 2445 Nam

186 2483 256 2524 oum
283 2462 361 2523 hanc
389 2482 511 2523 causam
538 2460 771 2522 Lacedaemonii
798 2463 986 2524 dictitassent
1011 2464 1070 2525 sibi
1166 2486 1167 2535 f

186 2564 247 2605 esse
267 2541 349 2616 belli,
368 2551 403 2604 ut
423 2541 656 2602 Atheniensium
675 2542 873 2621 impotentem
893 2544 1070 2605 dominatio·
1166 2564 1167 2569 ¹

185 2644 255 2684 nem
269 2623 475 2703 refringerent,
488 2631 648 2715 postquam
662 2622 745 2700 apud
759 2622 860 2702 Aegos
878 2623 993 2684 flumen
1010 2624 1070 2704 Ly·

185 2704 294 2764 sander
307 2703 408 2765 classis
421 2703 554 2763 hostrum
568 2710 612 2763 est
626 2703 748 2781 potitus,
758 2703 837 2762 nihil
851 2704 936 2764 aliud
947 2704 1070 2766 molitus
1166 2720 1167 2729 ¹

131 2785 171 2846 25
185 2792 237 2858 est,
251 2805 343 2864 quam
356 2793 391 2845 ut
405 2803 507 2843 omnes
521 2783 658 2844 civitates
671 2782 704 2842 in
717 2802 772 2843 sua
786 2791 901 2844 teneret
913 2793 1068 2876 potestate,

185 2885 254 2925 cum
268 2864 299 2925 id
313 2884 345 2925 se
358 2863 666 2924 Lacedaemoniorum
681 2882 772 2923 causa
785 2863 885 2924 facere
903 2864 1068 2927 srmularet

184 2944 325 3025 Namque
345 2943 487 3023 undique,
506 2943 559 3023 qui
579 2941 812 3004 Atheniensium
832 2943 921 3003 rebus
940 2945 1069 3006 studuis-
1166 2950 1167 2993 1

184 3033 259 3108 1111,
272 3024 381 3105 ejectis,
396 3023 501 3116 decem
520 3021 673 3114 delegerat
686 3022 718 3083 in
732 3042 916 3103 unaquaque
935 3023 1067 3100 civitate,
1166 3014 1167 3071 1

184 3104 293 3183 quibus
317 3122 469 3173 summum
492 3121 654 3181 imperrum
674 3110 913 3183 potestatemque
932 3103 1068 3165 omnium

131 3182 171 3245 30
184 3203 285 3244 rerum
299 3181 507 3242 committeret.
548 3180 670 3240 Horum
684 3181 717 3241 in
730 3201 891 3242 numerum
909 3202 998 3244 nemo
1018 3184 1068 3244 ad·

184 3261 370 3331 mittebatur,
390 3258 448 3318 nisi
469 3260 522 3336 qui
545 3268 599 3320 aut
619 3260 683 3337 ejus
706 3259 836 3338 hospitio
856 3262 1066 3343 contineretur,
1166 3294 1167 3319 t

183 3347 240 3400 aut
251 3358 283 3400 se
295 3339 378 3400 illius
392 3338 456 3400 fore
468 3339 627 3420 proprium
639 3338 700 3402 fide
713 3340 915 3405 confirmarat.
