2346 3704
112 135 153 202 16
391 154 602 203 connum
631 157 823 209 unnoms.

164 311 368 374 timescebant.
408 312 573 387 Miltiades,
587 314 719 374 multum
738 314 770 374 in
788 315 923 396 imperiis
941 318 1054 398 magis·
1170 304 1173 318 ¹

164 391 352 471 tratibusque
371 402 515 466 versatus
537 414 598 477 non
618 394 780 455 videbatur
799 415 884 474 posse
907 418 970 458 esse
990 398 1053 477 pri·
1168 443 1172 452 ,

163 481 261 544 vatus,
275 473 451 551 praesertim
465 480 534 533 cum
548 472 762 535 consuetudine
780 475 820 535 ad
834 476 954 556 imperii
968 478 1052 556 cupi-

128 557 130 560 ’
164 551 291 612 ditatem
304 552 386 612 trahi
399 553 561 614 videretur.
602 553 685 613 Nam
701 554 735 613 in
749 554 932 617 Chersoneso
946 577 1051 618 omnes

130 630 233 692 oillos
259 652 334 711 quos
361 632 516 694 habitarat
542 653 637 694 annos
664 644 843 713 perpetuam
876 636 1051 698 obtinuerat

164 711 399 773 dominationem
427 721 634 792 tyrannusque
660 714 760 774 fuerat
787 715 968 794 appellatus,
997 717 1050 777 scd

165 792 273 871 justus.
314 792 386 853 Non
406 793 572 854 eratenim
591 794 624 855 vi
648 804 832 868 consecutae,
853 796 906 857 sed
925 817 1050 856 suorum

164 871 330 945 voluntate,
357 893 483 952 eamque
510 878 688 952 potestatem
722 874 857 943 bonitate
890 876 1049 936 retinebat

164 950 276 1012 Omnes
296 962 398 1013 autem
418 962 449 1012 et
468 953 618 1014 habentur
638 963 669 1015 et
687 954 832 1015 dicuntur
849 956 982 1034 tyranni,
997 956 1051 1036 qui

110 1030 151 1095 10
164 1039 310 1111 potestate
322 1041 394 1093 sunt
406 1042 553 1112 perpetua
566 1035 599 1093 in
612 1050 649 1094 ea
662 1033 795 1107 civitate,
809 1056 887 1114 quae
908 1035 1051 1096 libertate

163 1132 219 1172 usa
238 1121 291 1173 est
331 1111 391 1174 Sed
410 1114 443 1172 in
464 1113 605 1175 Miltiade
617 1123 683 1174 crat
696 1134 766 1185 cum
779 1135 898 1175 summa
911 1115 1051 1176 humani·

164 1200 220 1266 tas,
244 1201 311 1253 tum
332 1193 411 1253 mira
434 1194 643 1267 communitas,
668 1203 707 1254 ut.
724 1209 827 1254 nemo·
836 1204 900 1255 tam
924 1196 1051 1256 humilis

163 1276 248 1346 esset,
262 1273 312 1334 cui
325 1292 386 1332 non
399 1273 523 1334 adeum
543 1274 644 1334 aditus
662 1283 795 1352 pateret3
816 1294 929 1354 magna
948 1285 1051 1336 aucto

163 1354 238 1414 ritas
261 1353 344 1432 apud
368 1373 470 1413 omnes
493 1354 638 1426 civitates,
659 1354 760 1414 nobile
780 1374 899 1427 nomen,
917 1355 986 1414 laus
1007 1356 1051 1416 rei

108 1431 150 1494 15
164 1433 304 1493 militaris
324 1433 467 1492 maxima.
509 1433 596 1494 Haec
609 1434 740 1513 populus
760 1434 921 1512 respiciens
939 1435 1052 1496 maluit

72 1562 76 1565 -
164 1534 234 1588 eum
247 1513 407 1574 innoxium
420 1513 522 1594 plecti,
533 1534 625 1594 quam
637 1533 669 1575 se
682 1513 798 1576 diutius
810 1533 873 1576 esse
885 1514 919 1573 in
931 1514 1051 1578 timore.

425 1752 794 1771 ψ--υ-ο--ιο-ο--η

325 1943 385 2017 ΙΙ.
416 1941 875 2017 THEMISTOOLES.

501 2123 715 2167 -oomoo—-

204 2236 940 2315 1·Tan11n00ns,ue00nnius,naenifflm
981 2239 1052 2302 flu.
1103 2292 1115 2305 ⁴

164 2323 216 2403 jus
235 2322 312 2385 vitiu
332 2322 464 2383 ineuntis
484 2320 620 2381 adolesee
642 2319 703 2380 tiae
722 2321 840 2399 magnis
860 2324 931 2381 sulit
951 2338 1052 2383 emen,
1077 2330 1084 2339 ·
1162 2334 1168 2340 .

163 2403 236 2464 data
246 2402 419 2475 virtutibus,
430 2402 505 2462 celeo
519 2409 554 2460 ut
567 2388 637 2460 anl‘e
649 2409 752 2459 aratur
765 2400 837 2473 huie
850 2420 938 2513 nemp

110 2485 150 2548 20
162 2504 250 2564 pares
260 2492 414 2563 putentur.
430 2548 439 2557 k
455 2481 514 2543 Sed
525 2480 564 2540 ab
575 2479 662 2539 initio
672 2488 717 2540 est
727 2476 922 2540 ordie‘ndtlnl'l

163 2566 227 2644 ejus
250 2563 378 2624 Neocles
401 2562 560 2641 generosus
584 2560 651 2620 fuit.
693 2558 724 2619 Is
745 2580 871 2619 uxorem
892 2559 1052 2621 Acharna·

146 2665 236 2709 „nam
260 2644 358 2704 civem
372 2641 480 2720 „duffii
504 2661 544 2701 ex
567 2660 628 2720 qua
643 2648 742 2729 ‚natus
760 2649 805 2700 est
825 2639 1050 2702 Themistoclea

164 2725 228 2801 Qui
250 2744 319 2784 cum
340 2724 438 2782 minus
460 2730 535 2781 essct
554 2719 699 2799 probatus
720 2720 905 2799 parentibus,
919 2720 1000 2800 quod
1016 2728 1052 2781 ct

164 2804 288 2865 liberius
299 2803 423 2879 uivebat
433 2811 462 2861 et
473 2822 536 2861 rem
547 2800 728 2860 familiarem
738 2799 921 2883 negligebat
930 2808 1053 2885 apatre

111 2887 151 2947 25
165 2884 430 2945 exheredatus'est.
472 2881 562 2958 Quae
578 2876 763 2959 contumelia
782 2900 843 2939 non
863 2876 1056 2969 l'regitqeunt,⁴

164 2965 216 3025 sed
231 2962 335 3024 erexit.
376 2962 408 3021 N
409 2982 459 3022 am
473 2981 543 3021 cum
552 2960 725 3039 ,iudicasset
739 2960 804 3019 sine
817 2979 936 3020 summa
949 2954 1052 3023 inillis-

165 3046 225 3104 tria
245 3064 306 3103 non
326 3063 410 3122 posse
430 3062 497 3103 eam
517 3039 679 3119 exstingui,
701 3049 798 3100 totum
818 3059 849 3099 se
869 3030 987 3100 d'edillii
1006 3040 1052 3100 rei

165 3123 314 3202 publicae,
325 3121 500 3200 diligentius
508 3119 612 3180 amicis
620 3119 927 3197 l'amaequeserviens.
969 3118 1052 3259 Mpl-

165 3211 231 3261 tum
246 3202 278 3260 in
294 3201 417 3280 judiciis
430 3200 557 3278 privatis
571 3197 765 3270 versabatur3
786 3218 875 3277 saepe
888 3199 921 3258 in
935 3218 1010 3273 conc
1021 3220 1053 3260 o·

114 3279 153 3339 30
167 3300 234 3338 nem
250 3279 355 3357 populi
369 3278 512 3370 prodibat
518 3300 525 3350 ;
546 3278 634 3341 nulla
654 3297 700 3338 res
720 3279 817 3356 major
837 3279 901 3338 sine
919 3300 954 3339 ec
970 3270 1055 3358 ger‘e'l

167 3356 272 3430 batum
293 3357 437 3430 celeriter,
452 3376 529 3437 quae
549 3377 625 3437 opus
644 3365 740 3431 erant,
754 3358 940 3438 reperiebam
960 3359 1055 3422 facile

939 2447 948 2474 ‚
957 2400 1052 2540 pauci

983 2489 1053 2540 ater
