2346 3704
455 153 569 202 arou.
969 136 1013 198 46

72 314 124 377 illa
137 313 254 387 navali,
267 331 362 392 quam
376 310 461 391 apud
474 308 607 370 Gnidum
623 307 744 380 fecerat,
758 303 958 368 constituisset

72 416 130 457 non
144 395 245 456 solum
258 393 339 452 inter
352 390 507 462 barbaros,
520 388 572 449 sed
590 389 682 448 etiam
696 408 798 447 omnes
812 385 958 447 Graeciae

72 477 219 547 civitatee,
244 473 324 533 elam
348 471 422 530 dare
448 489 572 548 operam
596 468 702 545 coepit,
727 476 762 527 ut
785 465 908 526 Ioniam
928 473 959 524 et

72 555 214 618 Aeoliam
234 551 404 613 restitueret
424 547 668 610 Atheniensibus.
710 545 749 606 Id
769 558 839 606 e'um
859 545 959 605 minus

72 636 233 715 diligenter
244 640 320 694 esset
330 630 470 702 celatum,
481 627 646 700 Tiribazus‚
657 626 709 705 qui
719 625 865 687 Sardibus
876 646 959 704 prae-
993 625 1013 685 ὃ

72 726 145 790 erat,
159 714 315 776 Cononem
329 710 476 781 evocavit,
490 708 636 768 simulans
656 707 696 767 ad
717 726 818 785 regem
838 725 908 766 eum
928 725 959 765 se

72 797 193 857 mittere
214 792 295 856 velle
316 811 428 869 magna
449 789 488 849 de
509 808 550 849 re.
592 787 695 867 Hujus
718 786 827 846 nuntio
850 805 959 865 parens

73 897 142 937 oum
155 874 296 946 venisset,
310 872 344 931 in
356 870 481 933 vincula
495 871 646 930 con'ectus
660 877 712 941 est,
726 867 759 926 in
776 865 886 945 quibus
899 865 961 925 ›ali-

74 956 221 1036 quamdiu
237 954 305 1014 fuit
346 950 424 1011 Inde
443 891 585 1011 nonnulli
598 969 668 1009 eum
681 948 721 1008 ad
735 967 836 1027 regem
849 946 961 1006 abduc·

73 1046 138 1097 tum
152 1035 256 1113 ibique
269 1032 391 1112 periisse
404 1031 549 1110 seriptum
560 1029 755 1107 reliquerunt.
798 1026 912 1087 Contra
925 1046 960 1085 ea
975 1027 1014 1089 10

74 1116 178 1176 Dinon
191 1113 361 1185 historicus,
370 1112 420 1172 cui
429 1131 484 1171 nos
497 1110 665 1190 plurimum
679 1109 716 1169 de
730 1107 858 1168 Persicis
871 1105 960 1166 rebus

75 1196 232 1267 credimus,
251 1193 391 1270 effugisse
409 1191 545 1270 scripsit3
566 1189 645 1249 illud
665 1188 836 1261 addubitat,
856 1195 960 1247 utrum

75 1274 213 1336 Tiribazo
225 1273 341 1335 sciente
353 1292 394 1332 an
406 1271 597 1352 imprudente
610 1270 650 1331 sit
663 1269 787 1331 factum.

402 1781 447 1855 X.
475 1779 636 1854 DION.

414 1945 628 1989 -ootossoo—

116 2071 142 2134 1.
169 2071 271 2146 Drou,
299 2066 468 2149 Hipparini
500 2067 590 2141 filius,
619 2066 840 2149 Syracusanus,
867 2066 963 2130 nobili

78 2174 184 2232 genere
203 2162 304 2224 natus,
325 2160 394 2211 utra
417 2169 454 2210 ue
472 2148 647 2228 implicatus
668 2150 829 2229 tyrannide
850 2150 965 2231 Diony·
979 2153 1017 2214 15

77 2235 198 2294 siorum.
240 2229 382 2310 Namque
438 2227 611 2309 esuperior
624 2228 965 2303 Aristomachensoro·

77 2334 141 2374 rem
155 2310 274 2385 Dionis,
284 2310 394 2371 habuit
407 2309 439 2369 in
453 2309 655 2382 matrimonio,
665 2328 703 2368 ex
717 2330 779 2388 qua
789 2310 864 2370 duos
877 2309 963 2385 filios,

78 2393 289 2472 Hipparinum
316 2400 347 2451 et
372 2389 538 2470 Nysaeum,
566 2390 746 2468 procrearit,
779 2389 965 2470 totidemque

78 2474 166 2545 filias,
180 2473 302 2532 nomine
315 2469 527 2550 Sophrosynen
541 2479 571 2530 et
584 2469 717 2542 Aream
739 2491 868 2549 quarum
887 2473 965 2551 prio

79 2574 143 2614 rem
165 2552 312 2631 Dionysio
332 2551 404 2622 filio,
419 2550 525 2623 eidem,
540 2550 590 2609 cui
603 2569 731 2628 regnum
744 2551 876 2630 reliquit,
890 2572 965 2631 nup
979 2553 1019 2616 20

78 2643 145 2694 tum
173 2632 265 2704 dedit,
293 2631 430 2703 alteram,
455 2630 580 2704 Areten,
608 2629 710 2691 Dioni.
752 2630 835 2691 Dion
862 2641 964 2693 autem

79 2722 200 2793 praeter
220 2710 352 2772 nobilem
372 2711 630 2791 propinquitatem
650 2731 824 2790 generosam
846 2733 884 2773 ue
903 2734 965 2774 ma

82 2796 187 2874 jorum
203 2792 316 2852 famam
332 2792 431 2851 multa
446 2791 508 2851 alia
524 2790 565 2850 ab
582 2800 693 2851 natura
706 2791 815 2853 habuit
826 2733 918 2866 bona,
932 2794 966 2854 in

79 2874 127 2934 his
140 2873 296 2952 ingenium
313 2870 418 2945 docile,
433 2891 525 2946 come,
539 2881 646 2950 aptum
667 2873 707 2932 ad
727 2882 807 2933 artes
827 2875 965 2953 optimas,

79 2973 223 3032 magnam
249 2951 382 3031 eorporis
409 2951 597 3031 dignitatem,
622 2972 700 3033 quae
723 2973 783 3013 non
805 2954 965 3014 minimum
980 2957 1019 3016 25

80 3033 324 3105 commendatur;
353 3052 478 3111 magnas
501 3042 657 3111 praeterea
685 3034 807 3094 divitias
834 3055 853 3094 a
880 3043 966 3113 patre

80 3113 210 3185 relictas,
241 3132 296 3172 uas
310 3113 373 3192 ipse
387 3112 510 3192 tyranni
523 3113 698 3173 muneribus
712 3122 848 3174 auxerat.
889 3113 967 3173 Erat

81 3194 206 3254 intimus
253 3192 368 3272 ionysio
381 3193 485 3272 priori,
499 3212 596 3271 neque
613 3194 712 3253 minus
729 3202 852 3271 propter
869 3213 967 3252 mores

81 3294 174 3357 quam
195 3273 381 3333 affinitatem.
423 3271 565 3350 Namque
578 3273 633 3331 etsi
647 3271 787 3349 Dionysii
805 3271 973 3331 crudelitas·

81 3357 108 3416 ei
122 3351 311 3432 displicebat,
326 3360 429 3415 tamen
441 3351 561 3411 salvum
575 3359 697 3427 propter
710 3348 967 3418 necessitudinem,
982 3348 1021 3406 30
