2346 3704
350 925 790 1021 PRAEFATIO.

164 1330 191 1392 1.
212 1329 293 1392 Non
308 1328 415 1392 dubito
428 1329 492 1392 fore
504 1329 672 1411 plerosque,
685 1327 798 1406 Attice,
814 1329 866 1412 qui
886 1328 943 1393 hoc
963 1352 1012 1412 ge·

122 1429 179 1471 nus
192 1413 363 1491 scripturae
376 1411 444 1473 leve
461 1421 492 1472 et
509 1412 656 1472 nonsatis
676 1411 804 1490 dignum
823 1432 1011 1473 summorum

123 1490 260 1552 virorum
274 1492 409 1571 personis
417 1492 564 1571 judicent,
579 1512 648 1552 cum
667 1492 798 1552 relatum
810 1491 928 1570 legent,
943 1493 1010 1572 quis

122 1571 271 1631 musicam
288 1572 424 1632 docuerit
442 1571 704 1650 Epaminondam
725 1571 825 1632 autin
839 1572 902 1651 ejus
915 1572 1010 1633 virtu·

122 1650 203 1711 tibus
218 1651 457 1724 commemorari,
470 1650 594 1712 saltasse
610 1671 679 1711 eum
697 1652 852 1711 commode
871 1651 1009 1711 scienter·
1043 1649 1062 1712 5

123 1750 182 1810 que
202 1730 286 1791 tibiis
307 1740 450 1791 cantasse.
492 1731 519 1790 2.
544 1730 603 1790 Sed
623 1730 656 1790 hi
677 1740 766 1791 erunt
785 1730 856 1804 fere,
877 1730 939 1808 qui,
960 1751 1010 1792 ex-

122 1819 221 1888 pertes
235 1810 407 1870 litterarum
421 1809 618 1883 Graecarum,
629 1810 706 1870 nihil
721 1819 846 1883 rectum,
857 1810 914 1870 nisi
928 1810 1010 1890 quod

122 1889 258 1969 ipsorum
268 1890 403 1950 moribus
417 1890 585 1964 conveniat,
596 1890 757 1969 putabunt.
800 1890 826 1949 3.
841 1888 887 1948 Hi
897 1890 922 1949 si
934 1891 1009 1950 didi-

123 1970 228 2042 cerint,
239 1988 299 2030 non
315 1971 419 2030 eadem
433 1969 572 2030 omnibus
586 1990 647 2030 esse
661 1970 787 2030 honesta
797 1978 887 2047 atque
897 1970 1008 2063 turpia,

122 2050 173 2110 sed
194 2051 298 2110 omnia
318 2051 467 2129 majorum
488 2050 633 2109 institutis
649 2048 791 2129 judicari,
806 2069 865 2109 non
880 2049 1009 2111 admlra-
1023 2048 1061 2113 10

123 2128 246 2203 buntur,
255 2150 309 2190 nos
319 2131 352 2189 in
362 2129 525 2190 Graiorum
536 2129 700 2190 virtutibus
714 2129 898 2208 exponendis
911 2150 1009 2192 mores

22 2272 23 2275 ,
67 2209 71 2220 ’
122 2229 227 2271 eorum
247 2219 371 2271 secutos.
412 2210 440 2271 4.
461 2208 569 2288 Neque
589 2209 669 2270 enim
691 2209 810 2270 Cimoni
830 2209 890 2270 fuit
910 2219 1008 2290 turpe,

122 2289 355 2351 Atheniensium
375 2310 492 2351 summo
512 2290 589 2364 viro,
608 2310 739 2351 sororem
759 2310 934 2369 germanam
955 2291 1007 2351 ha-

122 2369 245 2432 barain
266 2370 474 2432 matrimonio:
496 2371 608 2449 quippe
628 2390 698 2431 cum
718 2371 798 2432 cives
819 2371 882 2450 ejus
902 2371 1006 2431 eodem

122 2459 279 2511 uterentur
299 2451 445 2512 instituto.
485 2450 531 2511 At
551 2451 583 2510 id
603 2451 724 2530 quidem
745 2451 853 2511 nostris
874 2450 1007 2511 moribus
1021 2449 1059 2512 15

122 2529 205 2592 nefas
229 2531 367 2592 habetur.
409 2531 511 2592 Laudi
534 2531 567 2590 in
592 2529 722 2591 Graecia
746 2531 867 2591 ducitur
894 2530 1007 2590 adolas-

20 2656 23 2664 ,
77 2643 87 2659 ι
123 2611 249 2671 acutulis
277 2631 369 2690 quam
396 2612 543 2690 plurimos
573 2611 685 2672 habere
711 2620 868 2671 amatores.
909 2609 1007 2672 Nulla

122 2689 343 2752 Lacedaemoni
366 2692 460 2752 vidua
487 2700 550 2751 tam
575 2699 619 2751 est
642 2691 760 2764 nobilis,
782 2710 859 2769 quae
881 2711 942 2751 non
966 2690 1007 2751 ad

123 2790 244 2831 coenam
259 2780 309 2831 eat
321 2772 457 2832 mercede
471 2771 628 2832 conducta.
670 2771 698 2832 5.
719 2770 841 2849 Magnis
859 2771 892 2830 in
911 2770 1007 2831 laudi·
1058 2784 1062 2796 “

122 2849 175 2911 bus
188 2859 254 2911 tota
268 2851 330 2911 fere
344 2851 404 2912 fuit
417 2850 547 2912 Graecia
559 2851 704 2912 victorem
719 2850 881 2931 Olympiae
900 2850 1005 2925 citari3
1019 2850 1059 2912 20

20 2992 26 2996 „
123 2930 152 2991 in
171 2951 293 2992 scenam
313 2952 385 2993 vero
405 2932 526 3010 prodire
550 2950 586 2991 ao
610 2932 722 3010 populo
743 2950 805 2990 esse
825 2929 1005 3010 spectacula,

122 3011 232 3070 nemini
253 3011 285 3069 in
306 3011 417 3070 eisdem
437 3011 577 3090 gentibus
601 3011 661 3071 fuit
682 3009 874 3089 turpitudini.
917 3011 1005 3087 Quae

111 3092 219 3151 >omnia
247 3090 330 3169 apud
357 3110 411 3150 nos
438 3091 550 3178 partim
569 3088 712 3161 infamia,
736 3089 849 3168 partim
876 3089 1006 3149 humilia

28 3234 31 3238 Α
122 3173 208 3251 atque
222 3170 263 3230 ab
277 3169 433 3230 honestate
451 3178 566 3230 remota
579 3177 742 3247 ponuntur.
785 3168 812 3227 6.
834 3166 948 3227 Contra
968 3188 1004 3227 ea

121 3251 262 3330 pleraque
272 3249 381 3309 nostris
391 3249 525 3310 moribus
538 3256 610 3308 sunt
619 3248 736 3318 decora,
748 3264 825 3322 quae
839 3247 921 3320 apud
935 3245 1003 3304 illos
1018 3244 1058 3303 25

121 3332 219 3411 turpia
242 3337 399 3409 putantur.
441 3329 542 3404 Quem
569 3326 650 3386 enim
677 3325 885 3383 Romanorum
909 3321 1004 3397 pudet

121 3431 243 3472 uxorem
262 3410 371 3469 ducere
384 3409 417 3468 in
432 3404 625 3468 convivium?
645 3411 700 3463 aut
719 3401 805 3476 cujus
824 3416 886 3521 nor9r
906 3405 1004 3455 mater
1093 3433 1095 3438 ·
