2346 3704
145 152 189 215 42
413 164 638 212 coruum
656 140 849 211 n‘nrorrs.

877 244 882 285 ι

198 322 308 384 habuit
327 321 475 384 invidiam
495 342 666 401 magnaque
685 321 745 382 fuit
764 272 899 400 glorias
912 321 997 383 Bene
1014 333 1088 401 'ergo

199 403 336 463 Pittacus
356 403 417 476 ille,
438 402 492 480 qui
512 403 545 461 iu
565 423 595 460 se
617 411 678 461 tem
700 402 871 480 sapientum
892 423 1020 463 numero
1042 411 1088 464 eet
1163 394 1164 443 l

198 483 329 556 habitus,
341 503 411 542 cum
421 423 642 562 Mytilenaeilbi
656 481 851 568 mulQmilia
860 482 1005 561 jugerum
1019 482 1087 560 agri

198 545 325 622 munela
345 563 461 634 darent,
479 566 496 593 “
506 548 619 635 Nolite,
636 583 688 622 oro
702 561 782 633 v0s‚”
798 562 907 640 inquit,
929 562 989 621 “id
1009 562 1087 621 mihi

166 642 280 716 5dare,
302 643 382 721 quod
402 642 493 702 multi
513 627 679 714 invideffiit,
695 642 797 720 plures
818 643 910 701 etiam
931 643 1087 721 concupis·

198 732 277 783 cant.
319 723 423 799 Quare
446 743 485 782 ex
509 722 573 781 istis
599 722 670 782 nolo
697 722 829 800 amplius
849 743 942 801 quam
962 731 1087 783 centum
1163 798 1164 805 ἵ

201 804 319 882 jugera,
354 810 457 862 uacet
475 822 574 862 meam
594 801 690 862 animi
709 802 893 881 aequitatem
907 811 1086 864 et'vestram

198 883 325 943 volunta
355 903 386 941 m
407 882 548 942 indicent.
590 881 673 941 Nam
690 902 787 962 parva
807 903 935 943 munera
955 883 1086 955 diutina,

198 963 362 1042 locupletia
388 983 449 1022 non
477 962 600 1040 propria
630 983 693 1022 esse
719 962 967 1023 consueverunt.’'
1023 962 1086 1023 Illa

144 1041 184 1104 10
197 1043 291 1122 igitur
305 1019 415 1103 coroha
434 1051 591 1102 contentus
605 1041 777 1122 Thrasybul
832 1062 931 1121 neque
951 1062 1003 1103 am
1040 1043 1086 1103 ‘us

197 1124 362 1202 requisivit,
383 1143 480 1201 neque
501 1143 683 1201 quemquam
707 1123 769 1181 hon
789 1142 822 1181 re
841 1142 874 1182 se
892 1131 1013 1182 anteces
1029 1143 1086 1184 rsse
1163 1182 1164 1197 ,

197 1203 391 1263 existimavit.
440 1202 503 1262 Hic
530 1202 666 1281 sequenti
692 1211 835 1280 tempore,
863 1223 933 1262 eum
961 1212 1086 1281 praetor

196 1270 321 1342 classe'hr
335 1283 376 1341 ad
389 1281 528 1342 Ciliciam
524 1282 713 1379 ⁸'appulisset
723 1284 821 1360 neque
834 1283 906 1342 satis
921 1282 1086 1361 diligenter

195 1362 227 1420 in
248 1363 352 1421 castris
373 1362 436 1440 ejus
496 1371 618 1421 crentur
630 1362 763 1440 vigiliae,
777 1381 797 1421 a
816 1343 964 1434 barbdris,
978 1382 1020 1422 ex
1034 1384 1085 1442 op-
1108 1390 1111 1393 ·

142 1440 181 1501 15
196 1441 267 1520 pido
284 1450 376 1501 noctu
393 1424 551 1522 eruptiorle
570 1442 708 1516 factain
727 1441 924 1504 tabernaculo
944 1441 1086 1505 interfec

194 1530 243 1582 tus
257 1529 309 1583 est.

517 1734 737 1748 μ

478 1958 554 2033 IX.
585 1960 796 2034 coNON.

532 2122 746 2164 -οοζεοςοο-

231 2244 257 2306 Ι.
278 2242 401 2318 Conon,
411 2242 614 2317 Atheniensis,
628 2243 846 2324 Peloponnesio
859 2243 941 2307 bello
954 2246 1085 2310 accessit
1163 2310 1164 2321 ,

191 2324 231 2384 ad
251 2345 314 2384 rem
335 2325 498 2404 publicam,
520 2327 552 2385 in
572 2346 666 2404 eoque
686 2326 749 2404 ejus
773 2345 866 2403 opera
885 2325 989 2403 magni
1009 2325 1082 2389 fuit.
1163 2326 1164 2367 1

191 2403 272 2464 Nam
293 2414 323 2465 et
342 2414 464 2484 praetor
482 2404 670 2485 pedestribus
690 2405 871 2465 exercitibus
891 2405 1033 2485 praefuit,
1048 2415 1084 2468 et

138 2483 177 2544 20
190 2484 359 2562 praefectus
379 2485 481 2545 classis
501 2505 627 2563 magnas
641 2505 688 2545 res
701 2485 779 2544 mari
793 2486 891 2563 gessit.
935 2485 1021 2561 Quas
1037 2485 1082 2547 ob
1163 2548 1164 2563 q

191 2585 295 2625 causas
319 2565 498 2643 praecipuus
523 2565 551 2625 ei
575 2565 669 2624 honos
694 2565 816 2624 habitus
840 2575 892 2625 est.
934 2564 1082 2645 Namque
1163 2566 1164 2569 ’

190 2644 329 2704 omnibus
356 2665 434 2704 unus
465 2645 571 2704 insulis
598 2645 745 2724 praefuit:
779 2645 813 2703 in
840 2666 902 2723 qua
928 2654 1082 2724 potestate
1163 2708 1164 2713 χ

190 2723 304 2783 Pheras
331 2724 418 2802 cepit,
447 2725 597 2785 coloniam
628 2724 946 2786 Lacedaemoniorum.
1001 2725 1081 2788 Fuit
1163 2720 1164 2755 ³

189 2804 281 2864 etiam
294 2812 430 2863 extremo
444 2804 662 2883 Peloponnesio
675 2804 756 2866 bello
767 2814 897 2884 praetor,
908 2826 978 2867 cum
992 2807 1080 2886 apud

136 2883 174 2942 25
188 2882 288 2962 Aegos
303 2884 416 2944 flumen
430 2885 533 2963 copiae
548 2885 781 2945 Atheniensium
795 2905 814 2945 a
827 2884 988 2965 Lysandro
1005 2895 1081 2948 sunt
1163 2930 1164 2949 1

188 2964 332 3026 devictae.
374 2964 433 3027 Sed
454 2973 520 3025 tum
541 2965 649 3037 abfuit,
664 2985 758 3044 eoque
771 2965 856 3057 pejus
869 2985 917 3026 res
933 2967 1081 3028 adminis-

187 3053 268 3105 trata
282 3054 333 3104 est.
376 3042 458 3105 Nam
478 3053 509 3105 et
529 3044 661 3123 prudens
678 3045 722 3104 rei
738 3045 879 3104 militaris
898 3053 929 3106 et
945 3046 1080 3126 diligens

187 3132 252 3183 erat
270 3124 442 3202 imperator.
484 3123 592 3202 Itaque
608 3124 722 3184 nemini
739 3133 804 3185 erat
822 3125 869 3184 his
888 3127 1079 3204 temporibus

186 3203 323 3274 dubium,
343 3203 368 3263 si
389 3202 530 3275 affuisset,
546 3203 634 3263 illam
647 3203 847 3266 Athenienses
868 3204 1080 3269 calamitatem

134 3278 172 3339 30
186 3301 256 3341 acce
276 3291 359 3341 turos
373 3301 434 3340 non
447 3281 545 3342 fuisse.
1163 3324 1164 3361 ἦ

226 3359 243 3420 I
262 3405 269 3421 .
291 3359 394 3422 Rebus
417 3367 519 3422 autem
543 3359 670 3437 afflictis,
692 3383 761 3424 cum
785 3363 918 3446 patriam
942 3367 1078 3431 obsideri
1163 3426 1164 3451 q
