2288 3698
146 147 208 211 118
429 159 641 208 connum
670 158 864 206 unronrs.

197 319 327 380 duceret.
369 317 476 397 Neque
496 316 529 376 id
548 315 620 376 fecit
639 324 750 376 natura
771 313 878 388 solum,
899 334 1083 396 quamquam

196 419 299 460 omnes
325 399 353 458 ei
380 417 528 477 paremus,
552 397 603 456 sed
631 396 723 456 etiam
750 396 896 455 doctrina.
947 397 1029 456 Nam
1054 406 1085 457 et

197 479 369 558 principum
390 477 639 556 philosophorum
659 476 703 535 ita
716 484 858 554 percepta
879 476 991 536 habuit
1003 498 1084 555 prae

197 568 294 638 cepta,
314 568 349 618 ut
369 558 405 617 iis
427 557 467 617 ad
481 557 576 617 vitam
599 555 758 636 agendam,
771 575 833 615 non
854 556 893 615 ad
914 557 1085 616 ostentatio

164 640 183 699 5
197 659 267 698 nem
281 647 424 698 uteretur.

237 718 366 780 XVIII.
388 717 483 777 Moris
503 717 595 776 etiam
619 716 768 794 majorum
792 735 927 775 summus
951 717 1088 777 imitator

198 799 257 859 fuit
280 798 529 877 antiquitatisque
555 804 681 868 amator,
703 815 795 875 quam
822 796 897 856 adeo
925 796 1088 875 diligenter

198 878 305 939 habuit
319 878 480 957 cognitam,
494 884 530 936 ut
543 896 610 936 eam
624 884 719 936 totam
733 876 766 935 in
779 895 814 935 eo
827 875 984 937 volumine
998 897 1089 955 expo

197 960 300 1031 suerit,
324 979 384 1038 quo
410 957 604 1035 magistratus
625 955 757 1017 ornavit.
798 954 896 1015 Nulla
920 957 1001 1016 enim
1027 957 1088 1028 lex,

146 1039 184 1102 10
198 1060 295 1119 neque
315 1059 386 1118 pax,
399 1056 496 1116 neque
516 1036 640 1109 bellum,
655 1056 752 1115 neque
771 1055 818 1096 res
838 1035 966 1096 illustris
980 1046 1025 1096 est
1038 1057 1089 1115 po

197 1119 265 1200 puli
278 1118 418 1189 Romani,
433 1137 510 1196 quae
528 1137 590 1177 uon
603 1117 635 1175 in
649 1136 684 1176 ec
698 1137 752 1176 suc
765 1124 900 1195 tempore
913 1116 952 1176 sit
965 1126 1090 1177 notata:

198 1209 237 1273 et,
251 1199 333 1278 quod
353 1197 565 1259 difficillimum
587 1196 655 1269 fuit,
669 1197 712 1256 sic
732 1196 919 1256 familiarum
939 1197 1090 1277 originem

197 1279 362 1351 subtexuit,
386 1286 422 1337 ut
446 1297 486 1336 ex
512 1297 547 1337 eo
574 1276 725 1337 clarorum
749 1276 885 1337 virorum
908 1278 1092 1356 propagines

199 1360 345 1438 possimus
365 1374 549 1438 cognoscere.
590 1356 678 1417 Feeit
694 1356 751 1417 hoc
771 1356 852 1416 idem
872 1359 1036 1436 separatim
1058 1359 1090 1417 in

146 1443 185 1505 15
199 1439 267 1499 aliis
281 1438 383 1510 libris3
404 1446 439 1497 ut
452 1436 496 1497 M.
510 1437 601 1497 Bruti
621 1446 729 1516 rogatu
750 1435 877 1498 Juniam
898 1436 1050 1496 familiam
1072 1459 1091 1497 a

199 1520 293 1598 stirpe
309 1518 349 1578 ad
370 1518 449 1578 hanc
462 1525 592 1577 aetatem
606 1517 711 1577 ordine
725 1517 956 1589 enumeraverit,
970 1527 1090 1592 notans,

199 1600 253 1680 qui
266 1619 286 1660 a
300 1619 418 1679 quoque
431 1606 523 1671 ortus,
538 1618 612 1677 quos
625 1597 753 1657 honores
766 1596 934 1676 quibusque
948 1600 1092 1676 tempori·

199 1680 256 1742 bus
269 1680 407 1758 cepissem
427 1679 494 1758 pari
517 1678 607 1738 modo
628 1676 770 1737 Marcelli
783 1676 915 1750 Claudii,
926 1676 1089 1739 Marcello

200 1781 278 1835 rum,
292 1759 440 1839 Scipionis
454 1757 586 1819 Cornelii
607 1767 637 1818 et
657 1756 748 1818 Fabii
764 1756 906 1831 Maximi,
920 1756 1090 1818 Fabiorum

147 1845 187 1907 20
200 1851 231 1903 et
240 1840 458 1902 Aemiliorum:
480 1839 590 1918 quibus
603 1838 688 1899 libris
701 1839 779 1899 nihil
789 1848 959 1920 potestesse
968 1840 1092 1901 dulcius

200 1927 246 2000 iis,
256 1926 309 2006 qui
323 1926 458 2006 aliquam
468 1922 666 2002 cupiditatem
677 1919 791 1981 habent
799 1919 925 1981 notitiae
936 1920 1092 1982 clarorum

200 2008 344 2068 uirorum.
385 2003 629 2083 Attigitquoque
686 2002 792 2074 '‘tioen;
806 2001 965 2075 credimus,
975 2022 1016 2061 ne
1026 2003 1093 2082 ejus

201 2106 308 2166 expers
331 2094 406 2146 esset
428 2083 596 2145 suavitatis.
669 2102 778 2161 amque
798 2081 943 2156 versibus,
963 2082 1018 2162 qui
1040 2083 1094 2143 ho

201 2186 274 2228 nore
287 2185 447 2245 rerumque
460 2173 611 2243 gestarum
621 2163 823 2243 amplitudine
833 2172 946 2223 ceteros
955 2162 1093 2223 Romani

147 2249 187 2312 25
200 2246 306 2327 populi
320 2246 543 2385 praestiterunt,
556 2245 696 2322 exposuit
715 2244 767 2315 ita,
782 2252 816 2302 ut
829 2242 886 2303 sub
899 2243 1092 2322 singulorum

200 2326 326 2405 imagini
348 2345 383 2386 us
396 2325 477 2386 facta
490 2325 742 2403 magistratusque
756 2343 859 2383 eorum
875 2342 936 2382 non
957 2323 1094 2401 amplius

200 2405 355 2488 quaternis
378 2405 515 2485 quinisve
534 2403 671 2466 versibus
694 2403 898 2482 descripserit:
928 2403 1010 2481 quod
1035 2404 1094 2464 vix

201 2487 383 2549 credendum
398 2486 446 2557 sit,
456 2493 556 2545 tantas
570 2505 617 2544 res
630 2493 693 2544 tam
707 2484 839 2544 breviter
849 2483 980 2562 potuisse
991 2483 1094 2544 decla-

200 2568 271 2628 rari.
314 2567 370 2626 Est
397 2566 487 2626 etiam
516 2585 595 2624 unus
622 2562 708 2637 liber,
728 2562 844 2625 Graece
868 2563 1032 2636 confectus,
1055 2564 1094 2624 de

147 2650 187 2713 30
201 2646 359 2709 consulatu
374 2645 533 2706 Ciceronis.

242 2727 337 2787 XIX.
362 2725 520 2786 Hactenus
541 2723 647 2786 Attico
666 2722 739 2786 vivo
759 2723 841 2784 edita
862 2743 881 2783 a
900 2722 988 2784 nobis
1009 2732 1093 2784 sunt.

200 2808 301 2881 Nunc,
316 2806 459 2885 quoniam
474 2805 596 2866 fortuna
608 2825 663 2865 nos
676 2804 849 2883 superstites
863 2804 890 2863 ei
904 2824 967 2863 esse
980 2803 1094 2876 voluit,

200 2889 317 2966 reliqua
331 2905 552 2965 persequemur,
562 2895 601 2956 et,
615 2894 763 2966 quantum
777 2884 972 2962 potuerimus,
988 2903 1093 2942 rerum

200 2968 347 3046 exemplis
366 2966 489 3026 lectores
503 2964 684 3037 docebimus,
700 2964 777 3024 sicut
797 2984 888 3042 supra
908 2963 1095 3041 significavi·

148 3048 186 3107 35
200 3068 275 3117 mus,
290 3067 358 3106 suos
378 3045 486 3121 cuique
506 3063 602 3103 mores
622 3044 800 3121 plerumque
821 3043 982 3103 conciliare
997 3042 1095 3103 fortu-

200 3147 280 3183 nam.
322 3124 463 3198 Namque
489 3123 539 3181 hio
563 3132 719 3182 contentus
743 3123 848 3182 ordine
868 3123 1009 3201 equestri,
1031 3143 1095 3202 quo

202 3213 266 3261 erat
286 3212 378 3271 ortus,
399 3201 430 3256 iu
452 3200 628 3259 affinitatem
649 3202 787 3278 pervenit
814 3203 1006 3279 imperatoris
1026 3203 1095 3264 divi

202 3281 274 3348 filii;
295 3299 365 3337 cum
380 3278 446 3355 jam
466 3287 537 3336 ante
552 3278 791 3338 familiaritatem
811 3282 874 3359 ejus
895 3291 971 3341 esset
991 3302 1096 3342 conse

203 3365 289 3412 cutus
303 3356 389 3412 nulla
403 3354 464 3413 alia
477 3375 510 3413 re
523 3356 613 3431 quam'
628 3357 777 3434 elegantia
791 3360 882 3432 vitae,
896 3381 957 3438 qua
977 3368 1097 3422 'ceteros

150 3431 190 3489 40
205 3441 324 3505 ceperat
351 3433 500 3509 principes
527 3433 668 3505 civitatis,
692 3436 840 3513 dignitate
867 3440 943 3516 pari,
967 3441 1097 3501 fortuna
