2346 3704
447 141 687 191 ARIsrlmta.

321 417 414 490 III.
447 419 784 493 ARISTIDES.

452 579 665 621 -οοὲοζοο-

143 699 384 775 LAarsrrnns,
405 701 582 782 Lysimachi
604 701 694 776 filius,
718 702 923 779 Atheniensis,
948 727 995 768 ae·

100 781 205 862 qualis
218 781 282 843 fere
295 781 356 842 fuit
367 781 570 842 Themistocli
611 781 720 862 Itaque
734 805 803 845 cum
817 805 852 845 eo
866 786 904 846 de
913 786 995 867 prin·

102 862 209 940 cipatu
223 861 396 923 contendit:
416 882 548 942 namque
560 861 769 924 obtrectarunt
781 865 861 925 inter
873 886 912 926 se.
954 864 993 925 In

101 940 153 1001 his
167 950 270 1002 autem
284 941 439 1020 cognitum
453 951 506 1014 est,
517 951 631 1023 quanto
639 951 809 1005 'antestaret
821 943 993 1023 eloquentia

102 1020 304 1081 innocentiae.
346 1020 543 1101 Quamquam
556 1022 638 1081 enim
651 1022 727 1082 adeo
741 1023 910 1085 excellebat
923 1024 993 1087 Ari·
1026 1025 1047 1087 5

102 1102 197 1162 stides
211 1102 403 1174 abstinentia,
413 1111 450 1163 ut
462 1120 542 1162 unus
554 1109 623 1180 post
634 1101 793 1162 hominum
806 1105 993 1178 memoriam,

103 1202 196 1260 quem
217 1182 341 1262 quidem
360 1201 415 1244 nos
435 1181 629 1255 audierimus,
642 1183 819 1262 cognomine
832 1182 855 1246 J
856 1193 939 1244 ustus
952 1186 993 1247 sit

101 1261 295 1340 appellatus:
316 1269 428 1335 tamen,
442 1282 463 1322 a
475 1262 677 1322 Themistocle
696 1262 922 1337 collabefactus,
936 1273 993 1326 tes·

101 1342 173 1402 tula
185 1341 243 1402 illa
256 1342 363 1402 exsilio
377 1343 480 1402 decem
498 1362 648 1402 annorum
664 1342 812 1405 multatus
832 1354 885 1406 est
927 1344 991 1421 Qui
1031 1358 1034 1363 ⁴

101 1421 229 1502 quidem
250 1442 320 1482 cum
339 1422 531 1501 intelligeret,
545 1423 669 1502 reprimi
689 1424 870 1485 concitatam
890 1425 1045 1487 multi-10

101 1502 243 1563 tudinem
257 1522 317 1562 non
331 1522 425 1581 posse,
440 1502 606 1581 cedensque
625 1502 887 1564 animadvertisset
900 1525 992 1584 quen·

101 1583 177 1643 dam
190 1582 379 1655 scribentem,
394 1591 429 1642 ut
441 1583 542 1661 patria
555 1581 727 1660 pelleretur,
742 1585 889 1676 quaesisse
903 1585 942 1645 ab
956 1606 992 1646 eo

101 1662 227 1736 dicitur,
241 1683 335 1741 quare
355 1661 388 1722 id
408 1662 529 1735 faceret,
542 1671 597 1723 aut
611 1662 685 1741 quid
699 1662 850 1724 Arrstides
870 1666 992 1725 commi·

100 1744 199 1816 sisset,
219 1763 274 1803 cur
293 1750 380 1803 tanta
399 1762 497 1822 poena
517 1741 627 1823 dignus
647 1742 815 1804 duceretur.
856 1744 914 1804 cui
937 1745 991 1806 ille

101 1823 260 1903 respondit
272 1830 304 1883 s'e
317 1822 457 1902 ignorare
466 1821 703 1896 Aristidemsed
716 1821 775 1882 sibi
787 1843 849 1883 non
862 1824 990 1903 placere,
1005 1824 1044 1884 15

101 1904 188 1984 quod
201 1912 265 1963 tam
279 1903 388 1982 cupide
401 1902 590 1975 elaborasset,
605 1911 641 1962 ut
656 1910 776 1982 praeter
796 1913 908 1963 ceteros
921 1903 991 1965 Jus-

100 1992 153 2045 tus
177 1983 391 2063 appellaretur.
432 1982 496 2043 Hie
519 1983 623 2043 decem
649 2001 799 2042 annorum
823 1983 991 2061 legitimam

100 2084 235 2144 poenam
257 2084 323 2124 non
343 2062 497 2142 pertulit
518 2062 600 2124 Nam
624 2071 785 2142 postquam
808 2062 930 2124 Xerxes
956 2064 990 2125 in

101 2144 267 2206 Graeciam
281 2143 443 2216 descendit,
456 2152 541 2203 sexto
562 2143 625 2203 fere
644 2162 725 2202 anno
743 2163 836 2222 quam
854 2153 919 2206 erat
939 2166 990 2206 ex·

100 2225 219 2306 pulsus,
233 2224 339 2304 populi
352 2223 428 2284 scito
441 2224 474 2283 in
488 2223 620 2302 patriam
633 2223 789 2283 restitutus
801 2232 854 2285 est.
1003 2226 1042 2288 20

142 2304 188 2365 H.
209 2303 355 2365 Interfuit
364 2312 467 2364 autem
476 2323 598 2382 pugnae
607 2303 712 2365 navali
726 2304 809 2382 apud
823 2304 988 2380 Salamina,

100 2405 183 2466 quae
196 2384 279 2444 facta
291 2392 337 2445 est
350 2385 433 2463 prius
447 2405 539 2463 quam
557 2404 655 2463 poena
673 2382 860 2445 liberaretur.
902 2384 989 2446 Idem

100 2474 225 2546 praetor
244 2464 305 2526 fuit
318 2463 551 2524 Atheniensium
568 2464 652 2542 apud
665 2462 805 2524 Plataeas
819 2464 851 2523 in
863 2467 988 2558 proelio,

101 2565 164 2626 quo
184 2543 365 2606 Mardonius
385 2543 469 2603 firsus
489 2542 749 2622 barbarorumque
772 2554 921 2605 exercitus
945 2546 989 2604 in·

101 2626 246 2688 terfeetus
268 2632 322 2685 est.
362 2622 470 2702 Neque
492 2624 578 2684 aliud
600 2631 645 2684 est
666 2623 766 2684 ullum
788 2624 878 2704 hujus
899 2625 932 2684 in
956 2647 988 2686 re
1001 2627 1041 2687 25

101 2705 232 2766 militari
259 2704 378 2765 illustre
404 2704 529 2776 factum,
553 2723 645 2783 quam
668 2703 759 2783 hujus
785 2703 906 2784 imperii
928 2726 988 2767 mc·

102 2786 218 2859 moria3
234 2784 372 2864 justitiae
397 2804 471 2846 vero
498 2792 529 2844 et
555 2784 716 2863 aequitatis
743 2791 774 2845 et
799 2784 988 2846 innocentiae

102 2866 219 2940 multa;
240 2864 408 2945 inprimis,
429 2862 510 3003 quod
533 2864 598 2943 ejus
621 2864 773 2943 aequitate
795 2864 911 2926 factum
935 2874 988 2940 est,

8 3004 9 3007 ,
103 2968 174 3008 cum
195 2946 228 3005 in
248 2945 401 3006 communi
425 2964 518 3004 casse
542 2952 618 3004 esset
640 2943 788 3006 Graeciae
807 2945 898 3005 simul
918 2966 988 3007 cum

103 3026 267 3098 Pausania,
295 3045 355 3105 quo
382 3025 460 3085 duce
486 3023 665 3085 Mardonius
699 3032 765 3084 erat
794 3024 927 3103 fugatus,
954 3035 989 3085 ut
1002 3024 1042 3084 30

103 3128 223 3168 summa
247 3104 366 3184 imperii
390 3103 536 3164 maritimi
558 3104 598 3164 ab
622 3103 868 3164 Lacedaemoniis
895 3114 989 3164 trans·

75 3188 81 3197 '
104 3188 235 3248 ferretur
254 3186 296 3245 ad
316 3185 523 3245 Athenienses.
563 3182 705 3260 Namque
728 3191 799 3243 ante
818 3183 851 3241 id
870 3191 989 3260 tempus

103 3276 135 3329 et
153 3266 234 3327 mari
254 3274 285 3326 et
304 3274 386 3326 terra
406 3265 496 3323 duces
524 3270 610 3322 erant
630 3260 870 3320 Lacedaemonii.
911 3260 990 3317 Tum

104 3357 208 3410 autem
223 3353 254 3406 et
267 3343 501 3422 intemperantia
515 3341 685 3400 Pausaniae
698 3347 728 3397 et
741 3337 861 3414 justitia
875 3335 991 3393 factum
