2346 3704
146 143 188 210 ts
301 184 314 197 =
422 156 635 207 ooarnnrr
665 156 857 205 snrorrs.

197 330 271 398 gens
283 312 426 397 primum,
441 314 539 396 qualis
552 324 636 391 esset,
650 316 769 394 aperuit
782 313 815 374 in
829 311 919 388 bello,
934 314 1020 394 quod
1038 337 1103 377 rex

198 398 342 459 adversus
356 396 500 458 Cadusios
514 398 612 476 gessit.
639 396 794 475 Namque
808 395 867 469 hio,
881 396 988 456 multis
1007 397 1102 456 mili·

197 476 255 539 bus
268 477 420 557 regiorum
430 478 603 550 interfectis,
614 476 717 556 magni
728 476 787 537 fuit
796 478 861 555 ejus
871 496 971 556 opera.
1017 478 1100 552 Quo

198 558 313 619 facturn
327 566 380 629 est,
395 566 439 630 ut,
453 579 523 617 oum
536 558 569 617 in
582 578 617 618 eo
631 557 712 617 bello
732 557 886 617 cecidisset
905 556 1100 630 Camisares,

164 639 185 702 5
198 648 325 720 patema
338 639 366 698 ei
380 637 550 698 traderetur
563 636 728 717 provincia

238 718 281 778 II.
303 718 376 778 Peri
401 738 434 778 so
456 718 570 779 uirtute
647 727 697 778 tea
719 715 869 796 praebuit,
893 736 964 777 oum
989 716 1100 779 Auto

198 798 362 880 phredates
380 799 467 878 jussu
491 798 569 877 regis
613 799 673 858 ello
697 807 925 877 persequeretur
948 818 1009 871 eos,
1038 799 1097 878 qui

198 880 377 940 defecerant
419 877 560 957 Namque
573 877 664 958 hujus
677 898 770 957 opera
782 878 889 952 hostes,
900 899 971 939 oum
987 888 1097 939 eastra

200 961 266 1040 jam
279 959 449 1032 intrassent,
463 958 616 1038 profligati
636 967 707 1019 sunt
725 958 933 1039 exercitusque
949 960 1095 1039 reliquus

146 1042 186 1105 10
199 1038 392 1101 conservatus
416 1039 494 1117 regis
517 1048 586 1113 est;-
602 1059 664 1119 qua
687 1058 726 1099 ex
750 1059 783 1099 re
805 1039 971 1119 majoribus
995 1039 1095 1100 rebus

221 1139 334 1180 raeesse
357 1119 463 1198 eoepit
505 1118 583 1180 Erat
606 1140 641 1181 ee
662 1127 798 1199 tempore
818 1119 922 1200 Thyus
942 1120 1094 1199 dynastes

199 1139 436 1280 l’aphlagoniae,
455 1201 581 1280 antiquo
608 1219 724 1280 genere,
745 1209 829 1261 ortus
854 1221 874 1260 a
902 1200 1092 1279 Pylaemene

199 1281 263 1353 illo,
282 1301 372 1360 quem
392 1278 546 1341 Homerus
565 1279 671 1342 Troico
691 1280 773 1341 bello
793 1301 813 1342 a
833 1278 974 1341 Patroclo
995 1282 1092 1341 inter·

200 1362 313 1421 fectum
332 1360 384 1421 ait
426 1360 458 1422 Is
477 1362 540 1441 regi
556 1362 637 1422 dioto
651 1361 777 1422 audiens
791 1370 938 1422 uenerat
980 1362 1089 1438 Quam

149 1442 186 1510 15
200 1441 239 1502 ob
260 1460 382 1502 oausam
402 1439 483 1502 bello
503 1463 573 1502 eum
593 1442 731 1522 persequi
751 1441 916 1514 eonstituit,
933 1441 1023 1520 eique
1044 1442 1089 1502 rei
1154 1446 1155 1467 ²

201 1521 346 1601 praefecit
359 1520 531 1595 Datamem,
545 1522 750 1602 propinquum
764 1519 987 1601 Paphlagonis;
1001 1543 1089 1581 nam·
1109 1522 1118 1535 ⁸
1154 1530 1155 1553 ³

200 1621 260 1680 que
272 1619 312 1661 ex
325 1602 419 1661 fratre
432 1610 463 1661 et
474 1622 576 1661 sorore
585 1611 673 1662 erant
682 1602 755 1661 nati.
798 1603 901 1679 Quam
912 1602 951 1661 ob
962 1623 1088 1663 oausam

200 1681 349 1741 Datames
367 1682 499 1760 primum
520 1682 652 1761 experiri
665 1682 772 1755 veluit,
787 1692 822 1742 ut
835 1683 898 1741 sine
913 1684 1005 1743 armis
1019 1704 1088 1762 pro-

199 1763 348 1841 pinquum
369 1762 409 1821 ad
429 1762 561 1822 officium
578 1763 741 1823 reduceret.
783 1761 835 1822 Ad
849 1782 939 1841 quem
953 1784 1023 1823 oum
1038 1785 1087 1826 ve-
1150 1772 1155 1811 l

146 1847 186 1908 20
199 1844 292 1902 nisset
303 1843 369 1902 sine
382 1842 539 1921 praesidio,
554 1843 635 1921 quod
651 1843 690 1902 ab
704 1841 803 1902 amieo
815 1843 918 1903 nullas
930 1855 1088 1905 vereretur
1133 1875 1135 1879 ·

200 1919 333 1995 insidias,
347 1941 444 2002 paene
455 1922 577 1983 interiit
618 1921 700 1982 Nam
711 1922 985 2001 Thyuseumelam
996 1925 1086 1984 inter-
1153 1966 1154 1987 a

200 2004 288 2064 fioere
302 2003 407 2063 voluit.
449 2002 526 2069 Erat
546 2011 643 2062 mater
662 2021 732 2062 oum
753 2002 894 2076 Datame,
914 2004 1009 2064 amita
1030 2005 1086 2064 Pa·
1153 1994 1154 2089 l

200 2084 369 2163 phlagonis.
411 2082 468 2156 Ea,
481 2081 556 2162 quid
570 2092 719 2161 ageretur,
732 2084 834 2143 resciit
850 2084 1009 2162 filiumque
1024 2106 1087 2145 mo·

201 2165 277 2224 nuit
318 2163 378 2223 Ille
388 2162 462 2242 fuga
471 2163 641 2242 periculum
651 2163 779 2223 evitavit
790 2163 963 2243 bellumque
974 2165 1087 2226 indixit

147 2246 189 2308 25
201 2243 248 2302 Th
270 2263 297 2304 o.
339 2240 445 2322 Inque
454 2264 524 2303 oum
531 2242 571 2303 ab
583 2242 798 2315 Ariobarzane,
807 2244 957 2322 praefecto
968 2244 1087 2324 Lydiae

201 2332 232 2384 et
249 2264 357 2383 leniae
377 2324 528 2403 totiusque
548 2322 710 2402 Phrygiae,
730 2323 864 2383 desertus
885 2333 969 2396 esset,
989 2326 1085 2386 nihilo

200 2404 321 2484 segnius
344 2404 555 2482 perseveravit,
579 2404 746 2482 vivumque
767 2403 889 2484 Thyum
914 2405 995 2484 oepit
1016 2427 1085 2466 oum

202 2503 298 2544 uxore
311 2493 341 2544 et
354 2483 464 2544 liberis

242 2563 304 2625 ΙΙΙ,
325 2565 419 2645 Cujus
442 2562 515 2624 faeti
540 2563 686 2643 ueprius
710 2563 793 2625 fama
811 2563 855 2625 adv
873 2585 973 2645 regem
994 2587 1084 2646 quam

148 2647 189 2711 30
202 2644 274 2724 ipse,
288 2645 467 2723 perveniret,
481 2644 566 2705 dedit
583 2665 715 2724 operam.
756 2645 865 2725 Itaque
884 2647 1022 2707 omnibus
1042 2649 1084 2706 in-

203 2725 280 2797 seiis,
294 2745 337 2797 eo,
351 2725 405 2784 ubi
424 2733 491 2785 erat
510 2743 574 2799 rex,
588 2725 673 2786 venit
688 2732 866 2805 posteroque
886 2726 936 2786 die
955 2726 1082 2806 Thyum,

202 2804 356 2865 hominem
370 2802 497 2865 maximi
510 2805 643 2884 eorporis
660 2806 849 2886 terribilique
862 2806 948 2878 facie,
962 2808 1041 2885 quod
1053 2817 1083 2868 et

202 2886 289 2964 niger
302 2895 332 2945 et
345 2886 457 2964 oapillo
467 2884 557 2964 longo
567 2885 723 2964 barbaque
732 2896 798 2946 erat
807 2887 962 2966 promissa,
972 2888 1082 2966 optima

202 2975 286 3028 veste
298 2966 385 3038 texit,
399 2985 491 3045 quam
511 2974 652 3043 satrapae
669 2966 746 3044 regii
766 2987 870 3045 gerere
890 2977 1080 3041 oonsuerant;

148 3048 189 3110 35
203 3046 324 3108 ornavit
337 3047 429 3106 etiam
443 3055 549 3124 torque
562 3054 654 3124 etque
666 3045 796 3106 armillis
813 3047 912 3106 aureis
930 3057 1081 3126 ceteroque

203 3127 285 3206 regio
299 3126 401 3198 oultu3
415 3126 478 3203 ipse
488 3126 599 3203 agresti
609 3125 725 3204 duplici
738 3127 870 3187 amiculo
883 3128 1080 3188 circumdatus

202 3206 344 3284 hirtaque
357 3205 469 3277 tunica,
483 3225 589 3282 gerens
601 3205 634 3264 in
648 3206 747 3284 eapite
760 3207 879 3285 galeam
889 3209 1079 3283 venatoriam,
1149 3266 1150 3269 ,

202 3286 312 3346 dextra
326 3304 419 3344 manu
433 3283 562 3356 olavam,
576 3284 697 3345 sinistra
710 3287 860 3365 copulam,
875 3308 936 3368 qua
950 3289 1078 3350 vinctum

203 3375 274 3424 ante
286 3385 319 3423 se
332 3363 453 3441 Thyum
471 3363 589 3441 agebat,
603 3374 639 3424 ut
655 3366 683 3424 si
702 3365 799 3426 feram
820 3367 946 3428 bestiam
967 3378 1077 3448 captam
