2288 3698
388 155 443 200 nn
473 154 671 205 nicolaus.
978 137 1022 202 93

94 332 174 391 quam
196 331 226 372 se
247 311 280 370 in
303 330 339 371 ea
361 330 394 369 re
415 311 549 371 maxime
562 309 620 368 diis
633 329 722 388 ogere
742 309 855 387 gratias
876 317 968 388 atque

92 391 200 464 habere,
221 390 310 470 quod,
333 411 402 450 cum
421 390 558 450 Siciliam
579 409 714 448 recreare
736 389 966 462 constituissent,

91 481 150 531 tum
174 492 204 531 se
231 470 419 550 potissimum
448 470 556 530 ducem
583 490 645 529 esse
665 469 837 530 voluissent
878 468 966 529 Nihil

89 553 163 611 enim
186 572 284 612 rerum
306 550 510 610 humanarum
530 550 594 609 sine
613 550 741 609 deorum
759 552 883 612 numine
902 550 966 629 geri

88 632 216 710 putabat.
258 631 366 710 Itaque
380 650 451 690 suae
465 630 547 689 domi
561 629 706 690 sacellum
721 632 883 701 Αὐτοματίας
898 650 966 691 con-
1000 628 1020 688 5

87 713 227 785 stituerat,
241 712 333 791 idque
346 710 532 770 sanctissime
546 709 672 770 colebat

126 792 162 853 V.
182 792 234 852 Ad
247 792 327 852 hanc
340 790 471 851 hominis
485 790 682 850 excellentem
697 788 862 851 bonitatem
877 791 966 851 mira·

85 872 156 932 biles
169 880 355 933 accesserunt
365 891 458 932 casus.
500 869 580 929 Nam
595 870 710 948 proelia
724 869 859 930 maxima
869 871 965 931 natali

83 973 136 1012 sno
156 953 204 1012 die
225 953 296 1013 fecit
318 952 436 1023 omnia;
456 971 516 1029 quo
538 950 653 1010 factum
675 959 728 1021 est,
743 958 777 1009 ut
798 950 862 1009 e'us
885 951 965 1010 diem

78 1032 212 1093 natalem
226 1033 336 1093 festum
349 1031 474 1092 haberet
490 1032 631 1092 universa
651 1028 763 1090 Sicilia.
805 971 889 1090 {laic
902 1031 966 1109 qui·
981 1031 1019 1092 10

82 1113 151 1173 dam
165 1112 343 1185 Lamestius,
357 1113 446 1172 homo
462 1112 603 1191 petulans
622 1119 653 1170 et
672 1110 818 1189 ingratus,
833 1110 966 1171 radimo

81 1193 163 1253 nium
188 1214 257 1254 cum
277 1193 371 1254 vellet
394 1192 556 1272 imponere,
577 1191 657 1270 quod
681 1211 750 1250 cum
774 1191 828 1252 illo
848 1211 879 1252 se
901 1191 966 1271 lege

80 1294 167 1352 agere
179 1274 301 1346 diceret,
315 1283 345 1333 et
365 1273 534 1352 complures
549 1271 776 1344 concurrissent,
791 1272 843 1351 qui
864 1292 966 1413 proca·

81 1355 200 1415 citatem
220 1354 351 1415 hominis
363 1354 503 1413 manibus
517 1357 651 1413 coercere
664 1362 853 1425 conarentur,
894 1352 966 1414 imo

80 1434 146 1494 leon
168 1434 267 1495 oravit
289 1453 400 1506 omnes,
419 1453 457 1493 ne
479 1434 510 1493 id
532 1432 673 1492 facerent.
715 1431 856 1512 Namque
877 1433 909 1493 id
929 1443 965 1493 ut
979 1434 1018 1495 15

79 1514 231 1575 Lamestio
251 1523 282 1574 et
302 1514 399 1575 cuivis
419 1514 530 1586 liceret,
544 1534 576 1573 se
594 1513 742 1573 maximos
755 1512 872 1574 labores
885 1533 964 1573 sum·

79 1615 187 1674 maqne
201 1595 308 1655 adiisse
322 1594 465 1674 pericula
506 1593 599 1653 Hanc
609 1593 689 1653 enim
700 1593 828 1672 speciem
843 1593 963 1654 liberta

78 1676 116 1735 tis
142 1696 213 1749 esse,
237 1675 262 1735 si
290 1672 440 1746 omnibus,
463 1674 543 1753 quod
571 1674 696 1753 quisque
720 1673 821 1746 vellet,
845 1673 963 1753 legibus

78 1756 209 1835 experiri
230 1755 341 1815 liceret.
382 1753 478 1827 Idem,
493 1775 562 1814 cum
576 1753 700 1833 quidam
721 1753 867 1814 Lamestii
883 1753 963 1813 simi-

77 1836 124 1908 lis,
138 1836 261 1897 nomine
275 1833 485 1907 Demaenetus,
500 1835 532 1894 in
546 1835 688 1896 concione
701 1833 808 1913 populi
821 1834 860 1894 de
873 1832 962 1893 rebus
977 1834 1016 1897 20

76 1917 167 1995 gestis
176 1918 239 1995 ejus
247 1916 604 1994 detraherccoepisset,ac
612 1913 761 1974 nonnulla
769 1912 962 1975 inveheretur

77 1997 110 2056 in
120 1996 319 2068 Timoleonta,
331 1995 419 2068 dixit,
430 2016 510 2067 nunc
521 1996 644 2055 demum
653 2014 685 2053 se
694 1993 757 2055 voti
768 2013 829 2055 csse
840 1994 963 2055 damna-

77 2086 160 2136 tum:
179 2097 250 2136 narn
273 2096 310 2135 ue
323 2076 380 2136 hoc
394 2097 413 2136 a
426 2076 484 2135 diis
498 2073 719 2135 immortalibus
732 2094 849 2153 semper
862 2093 963 2153 preca·

77 2167 153 2229 tum,
167 2166 202 2216 ut
268 2176 315 2216 em
336 2155 507 2216 libertatem
528 2155 696 2215 restitueret
714 2152 918 2234 Syracusanis,
930 2154 964 2215 in

77 2257 139 2315 qua
152 2236 249 2298 cuivis
263 2236 375 2309 liceret,
386 2236 496 2315 dequo
506 2235 608 2307 vellet,
623 2235 747 2312 impune
760 2234 866 2296 dicere.
900 2233 964 2297 Hic
979 2238 1017 2299 25

77 2337 147 2376 cum
162 2317 243 2377 diem
263 2336 437 2394 supremum
457 2316 574 2388 obisset,
588 2313 710 2394 publice
730 2334 749 2375 a
768 2313 965 2456 Spracusanis

76 2395 109 2456 in
136 2396 304 2477 gymnasio,
328 2395 409 2474 quod
435 2394 674 2456 Timoleonteum
698 2394 788 2476 appel
801 2404 880 2468 atur,
900 2403 966 2457 tota

76 2477 249 2538 celebrante
262 2475 375 2549 Sicilia,
388 2475 523 2556 sepultus
537 2468 595 2537 cst.¹

374 2728 661 2742 -υ--ι--ι

252 2905 372 2978 ΧΧΙ.
408 2907 481 2979 DE
512 2907 791 2981 REGIBUS.

416 3068 627 3111 -οοὲοζοω-

116 3194 142 3255 Ι.
164 3194 214 3254 H1
228 3193 289 3254 fero
303 3194 426 3256 fuerunt
446 3195 580 3257 Graecae
600 3197 697 3275 gentis
718 3198 817 3266 duces,
831 3193 884 3272 qui
904 3212 964 3254 me·

76 3276 175 3335 moria
188 3274 273 3353 digni
287 3274 478 3347 videbantur,
492 3285 611 3354 praeter
627 3296 718 3353 reges.
760 3274 900 3347 Namque
912 3291 962 3331 eos
977 3271 1016 3333 30

75 3354 227 3434 attingere
247 3353 407 3429 noluimus,
422 3355 503 3435 quod
523 3354 659 3415 omnium
672 3373 719 3414 res
732 3359 832 3431 gestae
843 3366 962 3424 separa·
