2288 3698
263 152 295 199 r.
324 149 575 199 rourourus
604 150 795 198 aramus.
960 132 1020 195 111

76 309 120 372 sic
143 309 272 388 accepit,
291 316 326 368 ut
347 307 499 367 neminem
521 308 552 366 in
575 307 762 386 provinciam
783 305 822 367 sit
842 312 969 378 secutus,

77 390 195 451 honore
222 387 314 447 fuerit
342 396 508 459 contentus,
537 388 578 445 rei
613 386 772 446 familiaris
800 385 970 464 despexerit

76 470 234 529 fructum:
257 467 309 546 qui
331 487 369 527 ne
392 487 460 526 cum
484 466 522 542 Q.
538 466 659 545 quidem
682 465 825 526 Cicerone
838 464 970 526 voluerit

77 551 123 610 ire
136 550 171 608 in
185 548 302 619 Asiam,
317 568 387 607 cum
409 546 492 625 apud
515 567 583 605 enm
605 546 697 623 legati
720 545 819 606 locum
834 546 970 607 obtinere

76 638 188 709 posset.
232 627 303 687 Non
317 627 396 686 enim
411 627 560 686 decorose
574 625 787 698 arbitrabatur,
802 646 970 705 cumprae·
1003 625 1022 685 5

75 719 181 770 turam
192 728 295 786 gerere
305 706 457 778 noluisset,
468 706 612 765 asseclam
627 724 688 765 esse
702 706 855 784 praetoris.
897 705 970 781 Qua

75 790 110 848 in
125 809 159 848 re
173 807 235 847 non
252 787 348 848 solum
369 786 512 865 dignitati
533 785 691 857 serviebat,
705 785 757 844 sed
776 785 867 845 etiam
888 794 970 845 tran·

98 867 236 940 uillitati,
251 888 320 927 cum
340 867 521 946 suspiciones
535 886 653 944 quoque
669 866 778 926 vitaret
798 865 967 924 criminum.

77 889 151 1024 Quo
164 947 265 1019 fiebat,
280 956 315 1007 ut
335 948 397 1025 ejus
418 946 609 1006 observantia
623 944 761 1005 omnibus
775 952 849 1007 esset
862 945 968 1017 carior,

77 1048 148 1089 cum
159 1048 228 1104 earn
238 1026 343 1099 officio,
357 1047 418 1087 non
428 1026 529 1085 timori
540 1045 637 1103 neque
646 1025 708 1103 spei
720 1024 814 1084 tribui
823 1024 967 1085 viderent.
983 1024 1021 1086 10

18 1098 75 1169 ³<
117 1106 196 1169 VH.
211 1106 324 1167 Incidit
334 1106 548 1166 Caesarianum
559 1104 648 1166 civile
662 1103 785 1176 bellum,
796 1124 864 1164 cum
879 1104 968 1164 habe

76 1195 124 1248 ret
138 1207 234 1247 annos
250 1187 368 1247 circiter
388 1186 553 1264 sexaginta
596 1183 677 1245 Usus
697 1193 741 1245 est
761 1185 867 1244 aetatis
881 1205 968 1245 vaca-

76 1268 168 1339 tione,
205 1285 303 1344 nsque
329 1276 361 1325 se
387 1285 539 1345 quoquam
574 1263 670 1326 movit
693 1285 732 1325 ex
756 1265 837 1325 urbe.
879 1265 967 1342 Quae

76 1348 185 1408 amicis
197 1348 258 1406 suis
272 1367 347 1426 opus
360 1345 481 1406 fuerant
501 1346 541 1405 ad
561 1345 739 1423 Pompeium
779 1345 966 1406 roficiscenti-

76 1427 143 1500 bus,
158 1427 261 1487 omnia
281 1447 320 1486 ex
340 1447 395 1486 sua
415 1447 447 1485 re
461 1426 605 1485 familiari
619 1425 710 1486 dedit.
752 1366 857 1504 ipsum
878 1425 965 1486 Pom·
980 1427 1019 1488 15

77 1508 181 1646 poium
195 1508 388 1585 conjunctum
403 1526 463 1566 non
477 1506 617 1566 offendit:
639 1505 758 1565 nullum
773 1506 812 1565 ab
827 1527 861 1566 eo
875 1507 965 1567 habe·

98 1595 132 1646 at
145 1595 365 1659 ornamentum,
380 1594 414 1645 ut
435 1586 534 1658 ceteri,
548 1587 600 1665 qui
621 1606 674 1665 per
688 1607 756 1645 enm
771 1595 825 1645 aut
838 1586 964 1647 honores

77 1675 131 1727 aut
158 1666 282 1726 divitias
310 1672 467 1744 ceperant;
496 1687 624 1744 quorum
651 1667 763 1744 partim
792 1666 963 1726 invitissimi

77 1756 177 1807 castra
191 1754 261 1806 sunt
275 1746 376 1817 secuti,
388 1747 498 1825 partim
512 1767 629 1806 summa
644 1767 712 1805 cnm
727 1747 789 1825 ejus
803 1746 963 1806 offensione

78 1827 160 1887 domi
188 1835 403 1886 remanserunt.
444 1826 542 1886 Attici
570 1835 671 1886 autem
696 1827 779 1905 quies
807 1835 962 1905 tantopere
976 1827 1016 1887 20

77 1906 200 1967 Caesari
213 1906 273 1966 fuit
293 1915 389 1998 grata,
404 1917 447 1979 ut,
461 1908 558 1967 victor
580 1927 649 1966 cum
672 1906 798 1984 privatis
820 1907 963 1984 pecunias

114 2007 130 2045 r
144 1986 285 2065 epistolas
298 1995 468 2065 imperaret,
482 1987 553 2046 huic
568 2006 627 2045 non
641 1985 739 2044 solum
750 1984 891 2045 molestus
901 2006 962 2046 non

111 2067 178 2139 erit,
191 2066 243 2126 sed
264 2066 355 2126 etiam
375 2067 484 2127 sororis
503 2066 600 2125 fflium
621 2074 651 2124 et
671 2064 710 2141 Q.
728 2064 902 2126 Ciceronem
923 2086 962 2126 ex

77 2145 214 2225 Pompeii
225 2147 330 2206 castris
339 2146 522 2207 concesserit.
563 2145 612 2206 Sic
623 2154 722 2207 vetere
732 2145 870 2205 instituto
880 2145 963 2207 vitae

76 2226 134 2285 effu
158 2227 182 2285 it
195 2246 275 2287 nova
288 2226 430 2305 pericula.
975 2227 1015 2291 25

148 2305 209 2365 III.
231 2305 373 2366 Secutum
387 2316 431 2367 est
444 2307 531 2380 illud,
542 2309 637 2370 occiso
648 2309 782 2370 Caesare.
823 2307 901 2370 Cum
915 2329 962 2369 res

75 2385 200 2465 publica
222 2406 311 2464 penes
333 2385 444 2447 Brutos
458 2388 612 2450 videretur
633 2411 694 2450 esse
716 2400 746 2451 et
766 2390 911 2462 Cassium,
926 2410 962 2449 ac

75 2475 140 2527 tota
161 2466 269 2527 civitas
289 2485 319 2525 so
339 2467 379 2526 ad
399 2488 448 2528 eos
469 2470 649 2530 convertisse
662 2470 832 2532 videretur:
853 2471 895 2530 sic
916 2470 960 2530 M.

75 2545 173 2606 Bruto
196 2565 266 2605 usus
285 2555 337 2619 est,
351 2556 386 2608 ut
407 2548 492 2609 nullo
514 2548 754 2610 illeadolescens
777 2550 896 2629 aequali
919 2550 962 2610 fa·

74 2625 224 2685 miliarius
235 2646 327 2705 quam
340 2628 396 2688 hoc
407 2648 484 2700 sene,
495 2649 592 2707 neque
605 2630 702 2689 solum
714 2651 783 2690 eum
815 2630 959 2710 rincipcm
975 2630 1013 2690 30

75 2705 193 2766 consilii
213 2705 345 2779 haberet,
368 2708 420 2767 sed
443 2709 534 2768 etiam
556 2709 588 2767 in
609 2711 757 2771 convictu.
794 2651 960 2789 incogita-

73 2795 141 2845 tum
155 2793 200 2845 cst
213 2805 232 2845 a
245 2786 435 2865 quibusdam,
446 2797 481 2848 ut
495 2789 649 2867 privatum
664 2790 813 2850 aerarium
825 2790 960 2851 Caesaris

73 2864 316 2925 interfectoribus
336 2867 375 2927 ab
396 2869 547 2947 equitibus
562 2869 707 2929 Romanis
721 2871 959 2930 constitueretur.

73 2944 111 3006 Id
126 2944 216 3005 faciie
226 2945 302 3005 effici
313 2967 396 3024 posse
407 2948 547 3012 arbitrati
560 2958 640 3020 sunt,
650 2950 675 3008 si
689 2960 720 3010 et
734 2950 883 3028 principes
897 2951 960 3029 ejus

73 3025 187 3085 ordinis
224 3026 344 3085 counias
358 3028 560 3087 contulissent.
603 3028 711 3107 Itaque
732 3028 902 3108 appellatus
916 3037 960 3088 est
974 3027 1013 3087 35

72 3125 91 3164 a
115 3104 149 3165 Ο.
174 3045 293 3178 ἘΓεινίο,
318 3105 408 3166 Bruti
435 3107 589 3180 familiari,
613 3107 743 3181 Atticus,
770 3117 803 3167 nt
830 3109 893 3187 ejus
916 3106 959 3166 rei

71 3185 212 3263 princeps
232 3205 293 3245 esse
307 3186 407 3247 vellet.
448 3186 493 3246 At
507 3187 567 3258 ille,
583 3188 635 3265 qui
649 3188 746 3248 officia
760 3187 863 3247 amicis
898 3207 960 3246 rae-

71 3264 182 3326 standa
195 3264 259 3324 sine
272 3260 402 3325 factione
421 3267 616 3337 existimaret,
629 3285 803 3399 sempergue
817 3285 835 3322 a
847 3206 959 3321 taiibus

71 3365 102 3406 se
116 3343 249 3406 consiliis
269 3344 450 3418 removisset,
464 3344 633 3420 respondit:
654 3343 745 3418 siqui
787 3341 900 3398 Brutus
921 3341 959 3396 de
