2346 3704
137 141 180 210 14
413 154 628 208 oonunnrr
656 156 849 206 unrorrs.

188 325 302 380 certam
319 314 469 377 Chabriae
487 313 732 395 praestituerunt,
747 333 839 394 quarn
860 323 932 377 ante
952 314 1084 379 domum
1157 332 1158 339 ¹

188 399 246 459 nisi
266 397 397 469 redisset,
412 397 519 475 capitis
538 417 570 456 se
590 396 680 455 illum
701 398 898 457 damnaturos
919 396 1083 459 denuntia·

188 487 268 538 runt.
310 477 379 536 Hoc
393 477 446 536 ille
459 477 566 536 nuntio
576 475 715 536 Athenas
729 477 828 550 rediit,
842 498 940 557 neque
955 477 999 538 ihi
1014 479 1083 538 diu·

189 559 249 619 tius
259 566 303 618 est
313 566 455 629 moratus,
466 577 558 635 quam
569 556 629 616 fuit
639 577 764 617 necesse.
806 552 838 615 N
840 578 878 617 on
890 558 971 617 enim
983 559 1083 619 libeu-

155 637 174 699 5
189 647 235 698 ter
248 646 313 697 erat
326 636 510 697 ante-oculos
523 654 647 696 suorum
661 636 792 708 civium;
813 638 894 716 quod
909 646 939 697 et
952 639 1084 700 vivebat
1157 642 1158 675 ⁴

189 717 272 778 laute
286 726 316 777 et
328 716 506 793 indulgebat
519 716 577 776 sibi
592 716 756 789 liberalius
771 737 864 795 quam
879 726 914 776 ut
927 718 1083 779 iuvidiam

188 798 275 877 vulgi
285 806 381 876 posset
392 797 528 875 effugere.
570 795 627 855 Est
637 796 718 855 enim
729 796 787 856 hoc
797 817 956 857 commune
966 799 1082 859 vitium

189 878 222 938 in
242 878 358 956 magnis
382 875 542 954 liberisque
566 875 750 948 civitatibus,
769 884 805 937 ut
824 877 942 938 invidia
962 878 1083 956 gloriae

190 979 287 1018 comes
306 957 345 1016 sit
365 965 395 1017 et
415 955 544 1015 libenter
558 956 595 1019 de
609 955 657 1016 his
671 956 842 1029 detrahant,
857 978 931 1035 quos
945 960 1082 1019 eminere
1157 1008 1158 1015 ,

137 1036 176 1101 10
189 1038 313 1099 videant
326 1037 433 1107 altius3
446 1055 544 1114 neque
555 1037 660 1096 animo
673 1056 770 1115 aequo
805 1057 930 1114 auperes
944 1037 1081 1098 alienam
1153 1032 1158 1069 *¹

189 1118 377 1198 opulentium
398 1116 559 1176 intuuntur
578 1116 742 1176 fortunam.
783 1055 895 1195 ltaque
918 1117 1080 1193 Chabriae,

190 1218 250 1278 quo
261 1198 291 1257 ei
305 1196 424 1268 licebat,
438 1195 605 1273 plurimum
625 1196 740 1257 aberat.
781 1194 889 1275 Neque
902 1218 974 1257 vero
997 1199 1081 1259 solus
1157 1220 1158 1231 ¹

173 1278 242 1338 -ille
255 1277 360 1337 aberat
373 1275 502 1335 Athenis
516 1276 653 1350 libenter,
667 1278 719 1336 sed
733 1295 836 1336 omnes
850 1277 911 1337 fere
924 1279 1080 1358 principes

189 1357 324 1418 fecerunt
344 1356 440 1416 idem:
462 1357 543 1434 quod
560 1364 681 1416 tantum
694 1377 727 1417 se
739 1357 780 1417 ab
794 1358 912 1419 invidia
924 1359 1081 1435 putabant
1157 1398 1158 1417 t

136 1437 176 1501 15
189 1438 334 1510 afuturus,
348 1444 494 1516 quantum
516 1456 535 1496 a
555 1446 716 1514 conspectu
735 1455 860 1498 suorum
880 1438 1079 1500 recessissent.

189 1517 298 1597 Itaque
317 1517 421 1577 Conon
442 1516 609 1596 plurimum
629 1515 725 1596 Cypri
743 1517 833 1590 vixit,
852 1514 1025 1597 Iphicrates
1046 1520 1079 1578 in
1157 1570 1158 1589 ,

188 1597 327 1670 Thracia,
338 1596 512 1656 Timotheus
526 1595 633 1668 Lesb0,
644 1597 759 1658 Chares
772 1597 870 1676 Sigeo.
912 1597 1080 1659 Dissimilis
1157 1600 1158 1615 ¹

188 1677 310 1759 quidem
321 1676 433 1737 Chares
443 1676 552 1735 horum
562 1685 592 1735 et
602 1677 690 1736 factis
705 1687 735 1738 et
745 1678 896 1751 moribus;
910 1679 962 1737 sed
973 1687 1080 1739 tamen

187 1758 319 1821 Athenis
332 1764 363 1817 et
376 1756 538 1816 honoratus
552 1764 582 1816 et
594 1766 708 1835 potens.
1152 1794 1158 1816 t

134 1841 175 1904 20
228 1838 287 1901 IV.
308 1837 455 1898 Chabrias
469 1845 571 1896 autem
585 1837 675 1915 periit
689 1835 771 1897 bello
786 1835 891 1899 sociali
905 1835 963 1899 tali
975 1839 1079 1902 modo.

145 1960 151 1967 ·
188 1918 416 2000 Oppugnabant
439 1916 638 1976 Athenienses
661 1917 783 1978 Chium.
823 1916 902 1980 Erat
924 1919 958 1979 in
983 1921 1079 1982 classe

188 1999 336 2061 Chabrias
362 1998 508 2077 privatus
535 1997 587 2056 sed
614 2017 725 2069 omnes,
754 1995 807 2076 qui
834 2000 868 2058 in
893 2000 1079 2080 magistratu

187 2088 283 2154 erant,
304 2078 483 2139 auctoritate
510 2076 653 2149 anteibat,
674 2097 804 2157 eumque
830 2081 926 2158 magis
954 2081 1078 2157 milites,
1157 2080 1158 2150 ἶ

188 2181 280 2240 quam
298 2159 350 2238 qui
369 2166 537 2236 praeerant,
552 2156 746 2235 aspiciebant.
789 2158 944 2236 Quaeres
965 2162 993 2221 ei
1015 2183 1078 2223 ma·
1157 2153 1158 2165 ¹

135 2244 173 2303 25
187 2239 304 2313 turavit
320 2247 456 2297 mortem.
497 2236 579 2296 Nam
600 2238 673 2296 dum
694 2239 810 2316 primus
830 2240 932 2300 studet
951 2251 1078 2321 portum

187 2321 301 2381 intrare
323 2318 613 2398 gubernatoremque
632 2318 721 2397 jubet
744 2339 779 2379 eo
800 2320 931 2399 dirigere
954 2342 1077 2397 navem,
1157 2334 1158 2359 ³

187 2401 251 2482 ipse
271 2399 328 2460 sibi
347 2398 493 2478 perniciei
514 2397 582 2457 fuit.
624 2398 702 2458 Cum
723 2400 804 2458 enim
824 2421 859 2461 eo
880 2410 1076 2479 penetrasset,

188 2490 303 2543 ceterae
326 2500 387 2540 nou
415 2488 485 2539 sunt
512 2487 639 2540 secutae.
682 2478 752 2554 Quo
772 2480 853 2541 facto
875 2481 1077 2545 circumfusus

186 2561 319 2623 hostium
346 2579 492 2621 concursu
517 2579 587 2619 cum
611 2558 771 2619 fortissime
794 2570 953 2640 pugnaret,
976 2564 1076 2638 navis,

134 2645 173 2706 30
186 2651 282 2703 rostro
303 2660 451 2719 percussa,
472 2639 570 2717 coepit
589 2639 695 2701 sidere.
736 2639 821 2700 Hinc
845 2641 982 2722 refugere
1005 2664 1076 2704 cum

185 2730 293 2804 posset,
306 2721 332 2781 si
352 2741 383 2780 se
404 2720 436 2779 in
457 2739 541 2778 mare
560 2719 723 2797 dejecisset,
737 2721 818 2798 quod
834 2720 957 2781 suberat
971 2722 1076 2784 classis

186 2802 428 2873 Atheniensium,
447 2820 525 2879 quae
545 2799 697 2879 exciperet
715 2809 872 2861 natantes:
892 2801 992 2880 perire
1013 2825 1075 2864 ma·

186 2884 245 2944 luit
265 2903 357 2962 quam
377 2881 470 2941 armis
490 2879 614 2958 abjectis
635 2899 744 2940 navem
765 2880 943 2958 relinquere,
960 2881 994 2941 in
1014 2905 1075 2962 qua

185 2964 284 3025 fuerat
298 2970 409 3025 vectus.
451 2960 490 3019 Id
504 2960 594 3019 ceteri
608 2959 706 3019 facere
718 2960 890 3032 noluerunt,
905 2960 958 3039 qui
971 2965 1074 3024 nando

132 3045 171 3104 35
186 3046 218 3104 in
238 3053 339 3104 tutum
360 3048 570 3120 pervenerunt.
611 3039 657 3101 At
670 3039 732 3113 ille,
746 3049 899 3120 praestare
914 3040 1073 3103 honestam

185 3132 313 3183 mortem
334 3120 510 3181 existimans
530 3118 613 3196 turpi
634 3118 725 3190 vitae,
745 3121 912 3182 comminus
931 3120 1074 3202 pugnans

185 3204 253 3264 telis
267 3200 399 3261 hostium
413 3198 588 3257 interfectus
601 3206 653 3260 est.
