2346 3704
152 136 197 214 34
430 157 641 204 scarnen
671 160 863 207 aarorrs.

205 312 330 386 vellent,
343 312 444 392 potius
458 313 495 375 de
508 323 665 394 praesente
674 317 808 396 quaestio
819 315 991 392 haberetur,
1001 337 1098 398 quam

206 392 313 453 absens
333 392 468 455 invidiae
488 396 613 455 crimine
637 407 837 458 accusaretur.
878 396 1001 458 Inimici
1021 419 1097 461 vero

205 474 269 552 ejus
284 473 497 551 quiescendum
511 475 544 534 in
558 477 716 553 praesenti,
731 478 804 557 quia
817 478 918 536 noceri
931 498 994 536 non
1007 498 1098 557 posse

206 553 427 632 intelligebant,
437 564 467 616 11
481 554 559 614 illud
573 564 691 634 tempus
705 557 942 634 exspectandum
956 558 1097 619 decreve-

172 636 192 698 5
207 641 288 707 runt,
302 654 362 713 quo
376 635 493 707 exisset,
507 643 543 694 ut
556 634 709 694 absentem
723 635 975 714 aggrederentur:
990 637 1096 716 itaque

206 713 350 774 fecerunt.
391 712 473 774 Nam
497 723 657 793 postquam
681 715 713 774 in
737 715 872 775 Siciliam
897 736 967 776 eum
989 736 1096 796 perve-

205 794 285 858 nisse
312 793 513 867 crediderunt,
541 793 703 867 absentem,
726 796 807 874 quod
833 816 920 857 sacra
942 796 1095 871 violasset,

206 894 292 933 reum
306 873 449 935 fecerunt.
491 875 563 950 Qua
577 874 615 934 de
628 895 661 934 re
674 895 743 934 cum
758 874 785 934 ei
798 877 924 936 nuntius
944 897 964 936 a
984 876 1095 953 magis·

205 961 289 1014 tratu
303 954 336 1013 in
350 953 485 1014 Siciliam
498 954 605 1013 missus
620 964 702 1027 11111,
717 965 752 1015 ut
766 956 890 1015 domum
911 956 951 1016 ad
969 976 1095 1017 causam

152 1037 192 1100 10
205 1033 365 1094 dicendam
380 1034 499 1113 rediret,
514 1043 648 1112 essetque
668 1034 700 1093 in
721 1055 833 1113 magna
849 1056 902 1114 spe
918 1036 1096 1114 provinciae

205 1113 283 1175 bene
296 1114 568 1187 administrandae3
588 1134 651 1174 non
671 1134 777 1193 parere
796 1115 904 1188 noluit,
918 1125 949 1176 et
961 1117 994 1175 in
1008 1117 1095 1177 trire-

205 1215 295 1267 mem,
304 1214 381 1272 quae
395 1194 434 1254 ad
445 1215 514 1254 eum
526 1194 748 1273 deportandum
763 1204 829 1255 erat
838 1196 937 1269 missa,
948 1196 1094 1257 ascendit

206 1273 278 1334 Hac
291 1274 421 1366 Thurios
434 1275 466 1333 in
480 1274 604 1335 Italiam
626 1283 792 1353 pervectus,
807 1275 906 1335 multa
925 1297 1026 1336 secum
1047 1297 1094 1336 re-

154 1437 192 1498 a
206 1355 1095 1514 tttttttssttttttttttttttttttttttt

206 1515 322 1576 evitare
339 1524 556 1594 tempestatem,
572 1515 651 1575 clam
665 1536 697 1575 11
709 1536 728 1575 1
742 1516 916 1576 custodibus
934 1517 1094 1590 subduxit,

206 1603 238 1656 et
250 1595 320 1655 inde
334 1595 466 1674 primum
480 1595 612 1669 Elidem,
623 1595 733 1656 deinde
743 1595 861 1656 Thebas
875 1596 967 1657 venit
1008 1596 1095 1657 Post·

206 1696 298 1754 quam
316 1684 418 1736 autem
439 1696 470 1736 se
490 1696 526 1735 ca
548 1675 598 1736 itis
616 1677 805 1749 damnatum,
819 1675 905 1737 bonis
918 1676 1094 1756 publicatis,

206 1755 333 1829 audivit,
352 1764 391 1829 11,
408 1754 440 1815 id
459 1697 547 1836 quod
560 1776 617 1816 usu
631 1766 765 1830 venerat,
779 1756 979 1836 Eumolpidas
998 1777 1094 1817 sacer·

152 1838 192 1900 20
206 1837 290 1897 dotes
315 1856 334 1896 a
357 1836 470 1916 populo
495 1845 622 1909 coaetos,
642 1845 678 1897 ut
699 1857 730 1897 se
754 1836 945 1910 devoverent,
969 1838 1095 1917 ejusque

206 1917 382 1989 devotionis,
403 1937 463 1995 quo
482 1917 620 1978 testatior
642 1925 718 1977 esset
736 1918 889 1990 memoria,
908 1939 995 1978 exem
1017 1918 1095 1992 lum,

205 1997 239 2056 in
267 1997 330 2076 pila
358 1998 480 2075 lapidea
505 1997 644 2071 incisum,
665 2018 727 2058 1111
748 1997 880 2090 positum
903 1997 935 2057 in
960 1939 1094 2077 publico,

206 2077 464 2138 Lacedaemonem
479 2077 662 2156 demigravit
711 2076 768 2151 Ib1,
783 2086 818 2137 ut
836 2077 900 2156 ipse
916 2078 1094 2156 praedicare

206 2160 410 2231 consueverat,
421 2179 482 2217 non
497 2158 640 2218 adversus
653 2178 674 2237 p
695 2159 794 2230 triam,
808 2157 866 2218 sed'
874 2158 1011 2221 inimices
1023 2178 1094 2220 suos

152 2239 192 2299 25
206 2237 321 2298 bellum
330 2239 428 2317 gessit,
437 2239 517 2316 quod
528 2239 620 2297 iidem
629 2237 728 2298 hostes
739 2247 834 2298 essent
843 2238 969 2299 civitati.
1009 2237 1095 2299 Nam

207 2338 276 2378 cum
301 2318 505 2397 intelligerent
527 2338 559 2378 11
583 2318 750 2396 plurimum
774 2317 914 2396 prodesse
940 2339 1025 2398 posse
1048 2319 1094 2379 rei

206 2390 356 2477 publidae,
382 2419 421 2458 ex
448 2418 484 2458 ea
511 2398 629 2477 ejecisse
656 2397 784 2477 plusque
811 2398 874 2458 irae
901 2419 973 2460 suae
1000 2419 1095 2478 quam

206 2479 334 2539 utilitati
357 2479 510 2539 communi
532 2479 674 2558 paruisse.
716 2477 826 2556 Itaque
849 2479 940 2558 hujus
967 2478 1095 2540 consilio

206 2558 439 2620 Lacedaemonii
461 2580 531 2619 cum
554 2559 715 2619 Persarum
737 2578 808 2634 rege
829 2559 995 2619 amicitiam
1018 2558 1095 2620 fece-

153 2639 193 2699 30
207 2648 295 2712 runt;
317 2640 425 2699 deinde
446 2639 608 2700 Deceleam
628 2639 661 2698 in
677 2637 786 2711 Attica
804 2639 989 2712 munierunt,
1008 2659 1095 2718 prae-

206 2719 342 2798 sidioque
363 2719 406 2779 ibi
419 2728 577 2858 Fperpetuo
600 2719 698 2798 posito
721 2719 754 2779 in
778 2717 933 2778 obsidione
953 2717 1094 2789 Athenas

206 2806 377 2860 tenuerunt.
443 2800 565 2879 jusdem
578 2819 670 2878 opera
684 2799 803 2859 Ioniam
817 2819 836 2857 a
849 2798 991 2858 societate
1008 2818 1093 2859 aver·

207 2886 310 2939 terunt
329 2878 570 2940 Atheniensium.
612 2879 682 2955 Quo
704 2879 785 2940 facto
806 2878 905 2940 multo
925 2879 1094 2958 superiores

206 2958 288 3019 bello
302 2980 363 3020 esse
377 2968 548 3039 coeperunt.

153 3039 192 3098 35
247 3038 287 3100 V.
310 3040 416 3118 Neque
429 3060 501 3101 vero
515 3039 562 3098 his
577 3038 666 3099 rebus
675 3047 739 3098 tarn
754 3039 844 3099 amici
854 3037 1012 3099 Alcibiadi
1022 3046 1094 3100 sunt

207 3118 289 3192 facti,
304 3139 395 3198 quam
416 3120 523 3179 timore
543 3119 582 3179 ab
603 3139 637 3178 eo
658 3118 792 3179 alienati.
833 3118 916 3178 Nam
930 3140 1000 3179 cum
1014 3139 1094 3179 acer·

207 3199 277 3256 rimi
290 3199 350 3260 viri
369 3207 572 3276 praestantem
592 3198 785 3277 prudentiam
800 3198 832 3258 in
846 3199 986 3259 omnibus
1004 3199 1094 3261 rebus

208 3286 427 3354 cognoscerent,
442 3277 671 3354 pertimuerunt,
685 3298 724 3336 ne
744 3279 871 3338 caritate
887 3280 1005 3358 patriae
1021 3279 1093 3339 duc·

207 3363 257 3414 tus
270 3354 434 3433 aliquando
448 3356 488 3415 ab
501 3355 573 3435 ipsis
588 3357 763 3417 descisceret
778 3366 809 3418 et
822 3378 893 3418 cum
905 3359 966 3418 suis
980 3359 1014 3417 111
1026 3379 1095 3439 gra-
