2346 3704
131 101 176 165 46
413 113 625 162 conanum
653 112 846 162 uaporis.

187 271 284 351 magis
311 270 402 333 etiam
429 290 552 332 suorum
580 288 679 344 causa,
703 271 852 332 studebat.
893 269 1015 333 Aderat
1046 270 1089 331 in

187 353 305 431 magnis
329 352 426 424 rebus,
448 353 572 431 ejusque
595 352 719 411 oonsilio
741 352 874 410 multum
893 352 1088 414 movebatur

187 441 344 512 tyrannus,
358 432 416 491 nisi
430 452 490 510 qua
504 432 537 490 in
551 452 584 491 re
597 432 694 510 major
707 431 801 510 ipsius
818 432 969 511 cupiditas
981 432 1088 491 inter-

188 521 323 573 cesserat.
364 511 544 590 Legationes
558 532 630 573 vero
650 529 761 584 omnes,
776 531 854 589 quae
874 520 971 571 essent
990 511 1088 571 illus-

154 594 173 654 5
187 593 301 664 trieres,
315 611 370 670 per
383 591 514 652 Dionem
528 591 836 663 administrabantur;
858 611 932 670 quas
951 591 1086 670 quidem

186 672 239 732 ille
247 672 408 750 diligenter
417 671 565 745 obeundo,
574 671 703 731 fideliter
713 671 962 744 administrando,
971 670 1087 730 crude-

188 752 335 812 lissimum
359 772 468 813 nomen
495 751 619 830 tyranni
645 771 701 810 sua
727 750 918 811 humanitate
944 751 1085 829 tegebat.

188 832 283 892 Hunc
303 852 322 892 a
342 831 488 910 Dionysio
509 832 633 891 missum
654 830 916 909 Carthaginienses
937 851 1086 910 suspexe-

188 922 268 986 runt,
279 922 314 973 ut
328 913 477 972 neminem
491 931 637 990 umquam
650 910 769 971 Graeca
782 912 889 991 lingua
902 912 1085 990 loquentem

137 992 175 1054 10
189 995 285 1072 magis
299 994 359 1052 sint
373 992 523 1053 admirati.

229 1073 272 1133 II.
294 1073 401 1151 Neque
414 1092 485 1133 vero
500 1072 574 1132 haec
588 1071 770 1152 Dionysium
785 1070 950 1152 fugiebant.
992 1070 1084 1132 Nam

190 1163 303 1234 quanto
324 1162 399 1213 esset
417 1152 475 1211 sibi
496 1162 671 1214 ornamento
691 1153 847 1213 sentiebat.
890 1153 961 1229 Quo
974 1152 1083 1226 fiebat,

170 1244 226 1315 ,ut
247 1234 301 1293 uni
324 1233 396 1293 huic
420 1233 553 1293 maxime
577 1233 756 1311 indulgeret,
777 1254 875 1312 neque
898 1253 968 1292 eum
991 1253 1083 1305 secus

191 1314 331 1393 diligeret
357 1333 393 1373 ac
416 1311 523 1375 fflium.
572 1311 636 1390 Qui
664 1313 794 1392 quidem,
817 1334 887 1373 cum
914 1312 1083 1374 Platonem

139 1394 178 1455 15
192 1394 357 1455 Tarentum
384 1393 500 1455 venisse
526 1392 609 1454 fama
633 1393 666 1452 in
689 1391 825 1470 Siciliam
849 1402 925 1453 esset
947 1394 1081 1472 perlata,

192 1474 373 1535 adolescenti
387 1494 497 1552 negare
509 1495 571 1535 non
585 1474 726 1554 potuerit,
735 1474 809 1553 quin
823 1494 892 1534 eum
907 1482 1081 1547 arcesseret,

193 1576 262 1615 cum
277 1555 359 1615 Dion
373 1555 436 1634 ejus
449 1555 594 1615 audiendi
608 1555 775 1633 cupiditate
788 1554 939 1633 flagraret.
980 1552 1082 1614 Dedit

193 1656 263 1714 ergo
287 1634 358 1696 huic
379 1634 500 1697 veniam
522 1655 692 1714 magnaque
714 1655 783 1694 eum
803 1635 968 1696 ambitione
987 1633 1081 1714 Syra-

193 1736 278 1776 cusas
306 1715 457 1794 perduxit.
500 1716 600 1792 Quem
628 1716 711 1775 Dion
737 1717 813 1776 adeo
840 1716 1007 1775 admiratus
1031 1722 1082 1775 cst

140 1798 179 1861 20
193 1805 285 1876 atque
311 1796 476 1868 adamavit,
497 1805 533 1856 ut
558 1817 590 1856 se
613 1796 641 1855 ci
664 1804 762 1855 totum
787 1796 927 1856 traderet.
968 1794 1080 1874 Neque

190 1897 264 1939 vero
278 1877 377 1936 minus
391 1875 480 1939 Plato
495 1877 660 1937 delectatus
674 1885 718 1936 est
732 1876 840 1937 Dione.
880 1873 989 1955 ltaque
1005 1896 1079 1936 cum

192 1979 212 2019 a
239 1966 369 2037 tyranno
396 1955 558 2016 crudeliter
583 1957 716 2017 violatus
743 1964 826 2029 esset,
847 1957 959 2037 quippe
986 1977 1078 2036 quem

192 2036 373 2100 venumdari
395 2035 538 2116 jussisset,
561 2045 664 2096 tamen
691 2037 795 2097 eodem
823 2037 921 2111 rediit,
942 2035 1079 2116 ejusdem

193 2118 301 2179 Dionis
321 2117 459 2196 precibus
479 2117 637 2177 adductus
678 2114 806 2178 Interim
822 2118 855 2177 in
871 2117 1010 2178 morbum
1031 2117 1079 2177 in·

138 2200 179 2262 25
193 2198 269 2258 cidit
277 2197 450 2276 Dionysius.
492 2197 562 2273 Quo
571 2217 640 2257 cum
649 2197 736 2276 gravi
745 2197 976 2272 conflictaretur,
988 2218 1078 2277 quae·

192 2279 265 2339 sivit
291 2299 312 2338 a
336 2277 460 2337 medicis
486 2276 579 2351 Dion,
606 2279 862 2356 quemadmodum
883 2299 916 2339 se
942 2278 1077 2353 haberet,

192 2359 343 2452 simulque
356 2358 395 2417 ab
409 2357 456 2417 his
469 2359 566 2436 petiit,
581 2357 606 2418 si
620 2358 697 2418 forte
716 2359 824 2438 majori
840 2369 916 2419 esset
932 2358 1076 2438 periculo,

192 2448 228 2499 ut
247 2439 306 2499 sibi
325 2439 509 2499 faterentur:
529 2459 601 2499 nam
615 2439 694 2500 velle
710 2459 740 2499 se
754 2458 824 2499 cum
838 2458 872 2500 eo
887 2439 1018 2518 colloqui
1038 2440 1077 2500 de

192 2520 350 2600 partiendo
378 2539 487 2597 regn03
516 2519 597 2599 quod
623 2520 732 2579 sororis
758 2540 831 2580 suae
857 2520 935 2580 filios
959 2541 998 2580 ex
1021 2519 1076 2581 illo

139 2601 179 2664 30
192 2610 278 2660 natos
292 2609 409 2678 partem
424 2600 509 2679 regni
522 2598 652 2678 putabat
672 2599 780 2660 debere
801 2600 920 2661 habere.
961 2599 999 2659 Id
1017 2620 1077 2660 rne-

192 2680 253 2741 dioi
270 2701 331 2740 non
347 2689 517 2752 tacuerunt,
532 2688 561 2739 et
584 2679 624 2739 ad
646 2679 829 2759 Dionysium
850 2681 948 2740 filium
970 2701 1077 2740 sermo-

192 2781 262 2821 nem
276 2760 453 2820 retulerunt.
496 2760 566 2836 Quo
577 2759 630 2820 ille
640 2769 816 2834 commotus,
827 2780 865 2820 ne
878 2761 989 2839 agendi
1003 2769 1078 2822 esset

193 2840 287 2902 Dioni
307 2848 446 2920 potestas,
461 2840 542 2918 patri
563 2859 701 2919 soporem
724 2842 855 2901 medicos
877 2841 950 2900 dare
972 2841 1077 2918 coegit

193 2921 264 2983 Hoc
281 2942 369 3002 aeger
387 2930 517 3000 sumpto,
531 2929 567 2980 ut
586 2941 690 2980 somno
711 2922 834 3001 sopitus,
848 2921 929 2980 diem
944 2920 1019 2982 obiit
1030 2941 1078 2980 su·

140 3005 179 3066 35
214 3023 339 3063 remum.

192 3025 213 3084 P
234 3082 295 3143 ΙΙΙ.
317 3080 393 3142 Tale
408 3080 530 3140 initium
551 3080 611 3142 fuit
631 3079 740 3142 Dionis
762 3091 792 3142 et
815 3081 957 3160 Dionysii
976 3081 1079 3143 simul·

193 3164 275 3235 tatis,
290 3182 385 3241 eaque
398 3160 503 3220 multis
517 3161 606 3221 rebus
620 3171 710 3221 aucta
724 3172 776 3222 est.
818 3162 877 3222 Sed
898 3172 1000 3222 tamen
1020 3165 1080 3242 pri-

194 3244 251 3302 mis
272 3240 458 3319 temporibus
478 3241 668 3319 aliquamdiu
688 3243 831 3302 simulata
847 3243 927 3303 inter
945 3263 994 3303 eos
1007 3245 1080 3303 ami-

195 3322 270 3382 citia
292 3321 412 3381 mansit.
455 3318 533 3380 Cum
558 3320 640 3380 Dion
664 3341 725 3381 non
749 3322 903 3382 desisteret
925 3322 1080 3385 obsecrare
