2288 3698
264 171 297 217 r.
323 169 575 219 Pcnromus
605 169 797 219 arrrons.
962 150 1025 221 117

87 326 169 406 quod
189 346 248 387 non
271 325 416 399 liberalis,
428 325 481 387 sed
502 325 578 388 levis
600 325 806 388 arbitrabatur
825 325 972 406 polliceri,

88 406 169 486 quod
181 415 332 486 praestare
349 425 411 466 non
432 415 538 485 posset.
580 406 665 469 Idem
689 408 721 466 in
742 407 875 479 nitendo,
890 407 971 485 quod

87 487 177 546 semel
191 486 351 558 annuisset,
365 495 452 547 tanta
465 495 531 546 erat
551 507 633 558 cura,
649 496 683 546 ut
703 506 763 547 non
785 488 970 560 mandatam,

87 567 141 626 sed
158 587 240 627 suam
260 586 324 626 rem
340 565 493 626 videretur
506 586 602 645 agere.
644 566 821 646 Numquam
840 568 970 646 suscepti

87 648 198 725 negotii
219 667 288 706 eum
309 654 480 724 pertaesum
502 655 554 706 cst.
596 645 690 707 Suam
714 647 795 707 enim
819 647 970 707 existima·
1004 646 1024 707 5

88 727 196 787 tionem
210 727 242 786 in
252 747 289 787 ea
299 746 331 785 re
341 726 390 805 agi
405 725 544 804 putabat,
556 747 617 805 qua
627 726 705 786 nihil
716 727 849 788 habebat
862 728 970 787 carius.

90 806 157 882 Quo
178 806 276 879 fiebat,
293 815 329 867 ut
349 806 452 866 omnia
470 805 659 879 Ciceronum,
673 806 806 880 Catonis,
829 807 867 883 Q,
891 806 971 868 Hor-

88 887 181 960 tensii,
201 886 277 947 Auli
298 886 453 966 Torquati,
473 885 639 946 multorum
660 895 815 965 praeterea
835 887 971 966 equitum

89 966 292 1028 Romanorum
316 967 436 1046 negotia
460 975 644 1044 procuraret.
686 966 818 1046 Exque
838 966 971 1046 judicari

89 1055 211 1126 poterat,
224 1067 286 1108 non
305 1047 424 1120 inertia,
437 1047 489 1106 sed
505 1046 622 1126 judicio
635 1046 746 1125 fugisse
766 1048 810 1108 rei
830 1044 1025 1127 publicae10

88 1128 333 1207 procurationem.

125 1208 217 1270 XVL
248 1207 459 1267 Humanitatis
485 1225 557 1269 vero
587 1205 708 1266 nullum
735 1206 841 1267 afferre
873 1206 972 1285 majus

87 1289 288 1349 testimonium
315 1307 444 1366 possum,
469 1307 560 1366 quam
585 1288 665 1366 quod
692 1286 863 1347 adolescens
890 1287 970 1347 idem

87 1370 147 1429 seni
170 1368 275 1430 Sullae
295 1367 386 1427 fiierit
409 1367 653 1447 jucundissimus,
673 1386 765 1427 senex
789 1367 970 1429 adolescenti

87 1449 128 1509 M.
143 1449 258 1520 Bruto;
280 1468 349 1508 cum
362 1447 539 1526 aequalibus
553 1456 654 1507 autem
667 1447 737 1520 suis,
752 1447 791 1524 Q.
805 1447 969 1509 Hortensio
985 1446 1023 1506 15

87 1538 115 1589 et
133 1529 178 1589 M.
193 1528 345 1601 Cicerone,
365 1528 408 1588 sic
427 1528 549 1600 vixerit,
570 1536 605 1587 ut
620 1527 759 1606 judicare
779 1528 901 1588 difficile
920 1529 969 1600 sit,

86 1610 133 1670 cui
146 1609 240 1670 aetati
253 1608 345 1668 fuerit
358 1607 538 1687 aptissimus.
580 1608 774 1686 Quamquam
796 1627 865 1667 eum
886 1628 970 1700 prae·

85 1691 171 1769 cipue
185 1688 295 1748 dilexit
308 1687 421 1759 Cicero,
436 1697 471 1747 ut
490 1708 529 1747 ne
549 1686 643 1747 frater
657 1688 778 1767 quidem
792 1687 820 1747 ei
834 1687 969 1763 Qumtus

85 1771 182 1831 carior
205 1769 297 1828 fuerit
321 1777 375 1831 aut
398 1768 585 1828 familiarior.
626 1768 666 1828 Ei
689 1768 732 1828 rei
753 1776 825 1828 sunt
848 1767 969 1839 indicio,

83 1859 204 1930 praeter
217 1869 266 1909 eos
280 1848 380 1921 libros,
394 1848 426 1906 in
441 1848 550 1927 quibus
570 1848 608 1908 de
628 1868 662 1909 eo
684 1848 757 1907 facit
777 1847 969 1918 mentionem,
983 1844 1022 1907 20

84 1931 136 2009 qui
157 1930 191 1988 in
203 1929 315 2006 vulgus
334 1936 405 1987 sunt
424 1927 507 2000 editi,
521 1927 672 1988 sexdecim
687 1927 844 1989 volumina
864 1926 969 2004 episto

1 2005 2 2008 '
84 2011 185 2070 larum
199 2008 239 2069 ab
253 2008 410 2068 consulatu
424 2009 487 2086 ejus
502 2027 594 2085 usque
608 2008 647 2066 ad
661 2015 830 2067 extremum
851 2015 970 2084 tempus

84 2091 123 2150 ad
137 2090 278 2149 Atticum
292 2088 467 2160 missarum3
488 2107 566 2166 quae
579 2086 631 2166 qui
652 2087 742 2165 legat,
756 2106 817 2146 non
838 2086 970 2146 multum

84 2170 233 2230 desideret
259 2168 415 2228 historiam
442 2176 612 2228 contextam
642 2166 764 2228 illorum
792 2176 969 2244 temporum.

83 2250 133 2311 Sic
147 2250 228 2309 enim
243 2249 344 2309 omnia
365 2249 403 2308 de
423 2247 530 2308 studiis
551 2247 732 2326 principum,
746 2246 829 2308 vitiis
849 2246 970 2321 ducum,
985 2244 1025 2307 25

82 2327 302 2390 mutationibus
316 2328 358 2387 rei
373 2327 513 2406 publicae
526 2327 691 2406 perscripta
704 2335 784 2399 sunt,
798 2335 833 2386 ut
846 2327 923 2386 nihil
938 2328 970 2386 in

82 2411 120 2470 iis
130 2430 193 2470 non
201 2417 346 2487 appareat
354 2417 384 2468 ct
392 2407 481 2468 facile
491 2407 657 2467 existimari
668 2408 769 2487 possit,
777 2407 970 2486 prudentiam

82 2488 306 2570 quodammodo
328 2508 389 2547 esse
410 2487 636 2548 divinationem.
678 2487 748 2548 Non
771 2488 850 2546 enim
865 2486 970 2546 Cicero

82 2590 119 2631 ea
139 2569 247 2641 solum,
262 2588 339 2647 quae
352 2568 423 2630 vivo
443 2587 474 2627 se
494 2567 678 2640 acciderunt,
691 2567 796 2627 futura
808 2567 971 2645 praedixit,

81 2650 136 2711 sed
150 2650 252 2721 etiam,
266 2668 343 2726 quae
356 2668 437 2708 nunc
451 2667 507 2707 usu
521 2647 658 2720 veniunt,
672 2647 781 2707 cecinit
795 2655 830 2706 ut
844 2656 935 2708 vates
984 2645 1024 2707 30

124 2728 236 2790 XVII.
257 2727 306 2790 De
325 2728 437 2806 pietate
457 2736 558 2787 autem
572 2726 670 2787 Attici
689 2727 762 2806 quid
782 2727 872 2805 plura
893 2746 971 2787 com-

81 2809 267 2870 memorem?
287 2828 356 2868 cum
371 2808 427 2868 hoc
437 2808 537 2886 ipsum
547 2828 618 2869 vere
631 2807 811 2886 gloriantem
822 2806 970 2867 audierim

80 2892 116 2950 in
130 2890 235 2949 funere
248 2888 353 2948 matris
372 2908 453 2960 suae,
467 2908 558 2966 quam
579 2887 691 2947 extulit
711 2907 858 2947 annorum
879 2906 971 2947 nona-

80 2970 178 3050 ginta,
197 2989 266 3028 cum
287 2976 363 3028 esset
381 2977 494 3046 septem
516 2976 546 3026 et
564 2967 731 3044 sexaginta,
751 2987 783 3026 se
803 2986 970 3045 numquam

81 3070 154 3111 cum
168 3057 265 3108 matre
278 3048 310 3107 in
324 3047 454 3126 gratiam
474 3046 593 3118 redisse,
607 3067 774 3124 numquam
787 3066 857 3105 cum
871 3065 970 3104 sorore
984 3044 1024 3107 35

80 3131 174 3191 fuisse
195 3129 227 3187 in
248 3128 412 3199 simultate,
426 3146 517 3205 quam
539 3146 633 3204 prope
655 3126 811 3205 aequalem
830 3124 969 3184 habebat.

82 3209 182 3287 Quod·
190 3218 234 3269 est
246 3208 376 3286 signum,
390 3215 444 3265 aut
457 3206 575 3265 nullam
589 3226 734 3284 umquam
748 3206 826 3264 inter
839 3223 888 3264 eos
901 3223 970 3282 que

81 3289 244 3350 rimoniam
267 3286 473 3358 intercessisse,
494 3293 548 3344 aut
569 3285 651 3343 hunc
675 3305 710 3342 ea
733 3283 823 3341 fuisse
846 3283 879 3339 in
902 3301 970 3339 suos

81 3368 282 3449 indulgentia,
297 3375 340 3438 ut,
354 3385 428 3443 quos
448 3383 551 3425 amare
564 3362 701 3432 deberet,
714 3360 803 3418 irasci
823 3358 865 3416 eis
886 3357 970 3414 nefas
