2346 3704
87 112 194 199 ,44
286 113 289 118 ’
430 128 866 178 connsnrrunroms.

203 283 284 363 regi3
303 283 356 345 sed
372 304 486 359 vereor,
506 306 545 346 ne
565 285 692 369 civitati
701 304 789 367 meae
808 286 849 348 sit
868 288 1041 367 opprobrio,
1056 291 1093 366 si,

202 385 272 424 cum
285 385 325 425 ex
338 385 374 425 ea
387 365 443 426 sim
458 366 618 445 profectus,
634 367 711 444 quae
724 367 830 426 ceteris
842 368 984 446 gentibus
997 370 1092 449 impe-

202 465 269 505 rare
279 446 476 518 consueverit,
486 446 587 524 potius
597 446 798 507 barbarorum
809 468 901 526 quam
911 448 995 509 illius
1006 471 1092 511 more

166 523 339 666 bfflpigar.''
380 525 498 604 ltaque,
526 547 604 607 quae
630 526 703 587 huic
729 527 861 601 volebat,
887 530 1002 609 scripta
1027 536 1091 591 tra·

241 684 298 747 IV.
320 685 440 762 Quibus
454 686 590 765 cognitis,
605 707 659 747 rex
679 694 800 748 tantum
820 688 1002 749 auctoritate
1023 691 1089 769 ejus

200 774 298 826 motus
312 775 365 840 est,
379 776 415 826 nt
428 775 459 827 et
471 765 702 846 Tissaphernem
720 767 836 827 hostem
851 769 1038 847 judicaverit
1057 779 1090 831 et

199 845 453 907 Lacedaemonios
473 846 554 907 bello
574 847 712 926 persequi
723 848 848 926 jusserit
861 849 932 908 etei
947 850 1089 927 permise-

199 926 249 1000 rit,
263 928 353 1006 quem
366 927 468 1000 vellet,
482 927 593 1006 eligere
610 928 651 986 ad
667 928 900 1006 dispensandam
913 930 1087 1007 pecuniam.

146 1005 186 1068 10
199 1005 237 1066 Id
261 1007 422 1068 arbitrium
446 1007 551 1067 Conon
574 1007 700 1085 negavit
725 1007 773 1067 sui
796 1028 858 1068 esse
882 1009 1009 1082 consilii,
1033 1011 1088 1070 sed

198 1087 301 1164 ipsius,
312 1088 365 1166 qui
378 1088 492 1166 optime
503 1107 573 1148 suos
585 1107 672 1148 nosse
684 1086 823 1160 deberet;
837 1087 889 1148 sed
903 1108 934 1148 se
947 1089 1085 1164 suadere,

184 1166 397 1228 ‘Pharnabazo
411 1168 444 1227 id
457 1167 569 1246 negotii
583 1167 678 1228 daret
719 1166 804 1227 Hinc
818 1168 935 1246 magnis
954 1171 1088 1230 muneri-

198 1246 255 1307 bus
268 1248 397 1308 donatus
410 1247 451 1308 ad
464 1268 548 1307 mare
561 1256 606 1307 est
619 1247 734 1320 missus,
749 1256 784 1307 ut
801 1247 922 1327 Cypriis
941 1257 972 1308 et
988 1248 1087 1310 Phoe-

197 1327 315 1387 nicibus
329 1328 492 1406 ceterisque
505 1328 665 1388 maritimis
678 1327 854 1388 civitatibus
870 1348 963 1389 naves
977 1328 1086 1409 longas

145 1407 184 1468 15
198 1406 369 1486 imperaret,
393 1408 585 1487 classemque,
610 1428 672 1487 qua
695 1408 836 1487 proxima
862 1417 976 1469 aestate
999 1429 1086 1471 mare

197 1488 277 1548 tueri
290 1497 396 1567 posset,
409 1487 612 1566 compararet:
633 1489 704 1547 dato
724 1489 861 1567 adjutore
874 1488 1085 1564 Pharnabazo,

197 1568 275 1629 siout
295 1569 358 1648 ipse
371 1568 518 1630 voluerat
560 1567 599 1628 Id
619 1577 654 1628 ut
674 1567 922 1629 Lacedaemoniis
943 1578 987 1629 est
1007 1590 1085 1630 nun·

196 1647 316 1722 tiatum,
343 1669 405 1709 non
431 1649 495 1709 sine
522 1669 596 1708 cura
623 1669 687 1708 rem
714 1649 974 1723 administramnt,
1001 1650 1084 1730 quod

196 1730 295 1809 majus
308 1729 424 1790 bellum
436 1729 595 1789 imminere
614 1728 852 1802 arbitrabantur,
867 1750 959 1809 quam
972 1729 998 1790 si
1012 1751 1083 1790 cum

142 1812 183 1874 20
197 1809 326 1870 barbaro
340 1810 438 1870 solum
452 1810 674 1869 contenderent.
715 1808 798 1868 Nam
808 1810 917 1869 ducem
930 1809 1039 1870 fortem
1053 1819 1085 1871 et

195 1891 376 1972 prudentem
390 1890 470 1969 regis
482 1889 589 1969 opibus
601 1887 815 1970 praefuturum
829 1910 866 1950 ac
878 1910 980 1949 secum
995 1891 1084 1950 dimi·

196 1980 336 2032 caturum
349 1970 503 2044 videbant,
519 1990 609 2048 quem
621 1990 720 2048 neque
732 1970 858 2030 consilio
874 1990 972 2049 neque
988 1971 1083 2050 copiis

195 2072 337 2131 superare
354 2059 483 2132 possent.
524 2049 596 2110 Hac
615 2057 716 2110 ments
735 2070 879 2128 magnam
898 2051 1083 2112 contrahunt

196 2133 337 2205 classem3
357 2131 589 2210 proficiscuntur
602 2129 751 2190 Pisandro
763 2130 849 2201 duce.
890 2129 957 2191 Hos
976 2131 1082 2192 Conon

141 2213 181 2275 25
195 2212 427 2292 apudOnidum
447 2212 571 2271 adortus
591 2226 701 2288 magno
719 2210 834 2290 proelio
852 2209 948 2289 fugat,
967 2212 1082 2272 multas

194 2314 287 2354 naves
305 2293 396 2371 capit,
410 2292 579 2370 complures
599 2291 751 2369 deprimit
792 2291 865 2366 Qua
878 2292 1007 2351 victoria
1019 2312 1081 2352 non

194 2374 292 2434 solnm
306 2371 456 2446 Athenae,
468 2373 520 2432 sed
538 2372 630 2432 etiam
648 2379 758 2431 cuncta
775 2369 913 2444 Graecia,
928 2392 1005 2449 quae
1024 2371 1081 2433 sub

194 2453 503 2515 lacedaemoniorum
516 2452 617 2511 fuerat
630 2451 766 2530 imperio,
780 2450 911 2511 liberata
930 2460 982 2511 cst
1025 2451 1081 2513 Oo-

193 2555 255 2595 non
269 2555 339 2595 cum
353 2542 440 2613 parte
452 2532 578 2593 navium
592 2532 625 2590 in
638 2532 770 2610 patriam
780 2531 873 2604 venit,
885 2552 986 2591 muros
1000 2531 1082 2592 diru-

141 2612 181 2675 30
194 2624 241 2675 tos
257 2636 276 2676 a
292 2615 321 2675 L
342 2615 461 2687 sandro,
483 2620 625 2692 utrosque
647 2620 679 2672 et
702 2611 803 2671 Piraei
825 2620 856 2673 et
877 2611 1080 2686 Athenarum,
1155 2652 1156 2655 =

194 2637 368 2756 reficiendos
388 2702 483 2767 curat,
497 2693 703 2773 pecuniaeque
719 2691 941 2785 quinquaginta
954 2693 1080 2767 talenta,
1155 2696 1156 2705 ’

195 2796 272 2856 quae
286 2795 306 2836 a
318 2774 516 2836 Pharnabazo
530 2781 696 2851 acceperat,
710 2771 828 2833 civibus
841 2772 902 2832 suis
915 2772 1019 2834 donat.

234 2855 275 2918 V·
296 2844 603 2932 Accidithui0‚q{10d
617 2852 721 2913 ceteris
734 2852 922 2925 mortalibus,
930 2861 966 2912 ut
979 2852 1081 2913 incon.
1155 2828 1156 2877 l

194 2937 352 2998 sideratior
365 2937 398 2995 in
411 2935 543 2995 secunda
557 2954 648 3013 quam
664 2933 697 2992 in
713 2933 842 2994 adversa
856 2940 932 2993 esset
947 2931 1078 2993 fortuna„
1155 2936 1156 2989 q

141 3017 180 3078 35
194 3017 277 3077 Nam
290 3016 383 3076 classe
396 3013 684 3093 Peloponnesiorum
701 3012 830 3084 devicta,
845 3032 915 3072 cum
931 3012 1033 3073 ultum
1049 3033 1079 3073 se

195 3096 321 3174 injurias
334 3096 451 3173 patriae
467 3101 597 3172 putaret,
611 3093 702 3170 plura
720 3091 895 3170 concupivit
911 3112 1004 3172 quam
1022 3092 1079 3154 effi·

196 3195 262 3234 cere
280 3173 387 3252 potuit.
428 3172 536 3262 Neque
550 3179 654 3231 tamen
674 3191 710 3232 ea
730 3191 791 3232 non
807 3171 907 3264 piaoet
922 3170 1079 3250 probanda

196 3253 329 3324 fuerunt,
363 3250 423 3308 uod
436 3259 536 3327 potrus
549 3249 667 3327 patriae
682 3270 753 3328 opes
772 3270 877 3327 augeri
891 3271 984 3330 quam
1003 3252 1079 3331 regis
1155 3258 1156 3307 Ξ

197 3331 315 3393 maluit
387 3347 517 3389 ameum
524 3347 667 3408 magnam
679 3329 892 3391 auctoritatem
905 3329 964 3391 sibi
976 3351 1080 3412 pugna
1155 3376 1156 3419 ,
