2346 3704
402 164 666 217 ΉΜΟΤΗΕΠΒ.

258 531 396 606 XIII.
431 528 794 605 TIMOTHEUS.

421 684 636 737 ——oossozdo—

124 814 150 878 Ι.
170 814 374 890 Tmonnnns,
398 815 530 878 Cononis
553 815 642 889 filius,
663 814 865 877 Atheniensis.
907 814 970 877 HIc

24 964 25 969 ἵ
86 917 105 956 a
125 905 212 975 patre
236 907 391 976 acceptam
415 897 544 976 gloriam
564 897 668 957 multis
688 897 777 958 auxit
796 895 969 958 virtutibus

85 976 158 1038 Fuit
177 978 260 1038 enim
280 978 417 1051 disertus,
431 977 568 1056 impiger,
583 977 758 1049 laboriosus,
770 976 816 1036 rei
830 976 970 1036 militaris

84 1059 198 1136 peritus
218 1078 316 1138 neque
336 1058 436 1118 minus
456 1057 589 1119 civitatis
603 1057 759 1135 regendae.
800 1055 902 1115 Multa
916 1056 970 1115 hu·

83 1137 134 1216 jus
155 1146 227 1198 sunt
247 1137 402 1217 praeclare
422 1138 513 1211 facta,
527 1138 577 1197 sed
593 1137 667 1196 haec
681 1136 815 1196 maxime
828 1135 969 1197 illustria
1003 1125 1023 1185 5

84 1217 247 1298 Olynthios
260 1226 291 1278 et
304 1217 466 1297 Byzantios
481 1217 561 1277 bello
574 1216 701 1295 subegit.
742 1215 867 1276 Samum
881 1217 969 1309 cepit,

84 1297 114 1356 iu
149 1318 191 1357 ua
205 1298 410 1376 oppugnanda
422 1298 575 1376 superiore
585 1297 664 1357 bello
675 1296 875 1357 Athenienses
884 1296 969 1357 1111110

83 1387 112 1439 et
128 1319 262 1438 ducenta
280 1378 397 1438 talenta
415 1386 668 1456 consumpserant.
709 1377 747 1437 Id
761 1377 814 1437 ille
826 1377 890 1437 sine
903 1377 969 1437 ulla

62 1518 65 1525 ,
83 1458 209 1598 publica
229 1456 364 1536 impensa
378 1457 490 1536 populo
505 1457 643 1518 restituit.
684 1456 840 1518 Adversus
859 1457 969 1517 Cotum

104 1538 166 1598 ella
187 1538 286 1616 gessit,
300 1537 339 1597 ab
360 1559 454 1619 eoque
466 1538 552 1598 mille
565 1547 595 1598 et
608 1538 738 1599 ducenta
755 1538 872 1598 talenta
885 1558 969 1617 prae·
981 1528 1024 1590 10

83 1619 140 1679 dae
164 1618 198 1677 in
222 1618 380 1697 publicum
404 1618 517 1679 retulit.
558 1619 702 1698 Cyzicum
723 1617 876 1679 obsidione
896 1617 970 1678 libe-

83 1699 174 1761 ravit.
216 1698 417 1758 Ariobarzani
430 1698 520 1759 simul
535 1720 605 1759 cum
615 1699 758 1778 Agesilao
773 1698 889 1758 auxilio
902 1718 970 1776 pro·

24 1785 25 1790 ’
82 1780 180 1840 fectus
200 1787 261 1839 est:
286 1799 385 1858 aquo
405 1801 475 1840 cum
495 1779 579 1840 Laco
598 1780 759 1860 pecuniam
779 1786 970 1837 numeratam

82 1858 255 1940 accepisset,
268 1859 323 1920 ille
340 1861 420 1923 cives
440 1880 508 1921 suos
527 1881 601 1939 agro
621 1868 713 1940 atque
725 1857 852 1919 urbibus
863 1857 970 1934 augeri

82 1940 194 2001 maluit
208 1961 300 2019 quam
314 1941 346 2000 id
359 1961 485 2014 sumere,
499 1942 584 2020 cujus
602 1950 721 2020 partem
739 1940 863 2000 domum
881 1957 970 1997 suam
984 1929 1023 1987 15

82 2021 162 2081 ferre
175 2027 283 2100 posset.
324 2020 433 2100 Itaque
446 2021 563 2101 accepit
576 2021 734 2081 Crithoten
747 2030 777 2080 et
788 2019 919 2079 Sestum.

121 2100 167 2161 ΙΙ.
189 2100 277 2162 Idem
291 2101 378 2162 classi
391 2102 560 2183 praefectus
579 2100 805 2162 circumvehens
823 2098 970 2177 Pelopon·-

83 2201 200 2254 nesum,
213 2181 384 2242 Laconicen
397 2183 570 2261 populatus,
578 2181 703 2242 classem
717 2201 819 2240 eorum
833 2179 969 2259 fugavit3

83 2263 251 2342 Corcyram
269 2262 326 2322 sub
346 2263 507 2340 imperium
521 2262 754 2322 Atheniensium
775 2260 905 2339 redegit3
925 2280 969 2320 so

83 2344 206 2423 ciosque
224 2342 307 2403 idem
325 2343 468 2422 adjunxit
488 2343 639 2422 Epirotas,
653 2341 853 2413 Athamanas,
874 2339 969 2400 Chao·
983 2331 1023 2391 20

84 2443 147 2497 nas,
161 2443 235 2484 omn
286 2442 325 2482 110
344 2444 394 2483 eas
413 2432 524 2502 gentse,
538 2442 616 2501 quae
630 2440 713 2482 mare
726 2421 806 2481 illud
820 2421 967 2500 adjacent.

85 2505 155 2580 Quo
177 2502 259 2564 facto
344 2503 511 2563 edaemonii
525 2504 562 2562 de
574 2503 695 2562 diutina
711 2501 900 2562 contentione
920 2500 969 2560 de

84 2586 237 2657 stiterunt,
250 2592 282 2644 et
300 2604 355 2643 sua
375 2591 480 2663 sponte
493 2583 730 2661 Atheniensibus
748 2581 867 2660 imperii
881 2579 969 2639 mari·

85 2664 153 2726 timi
173 2664 379 2744 principatum
400 2672 626 2734 concesserunt3
646 2683 751 2742 pacem
773 2682 811 2722 ue
831 2662 878 2721 his
898 2659 970 2740 legi-

86 2742 141 2805 bus
162 2744 392 2817 constituerunt,
405 2754 441 2803 ut
454 2742 653 2803 Athenienses
666 2684 848 2811 manduces
865 2749 969 2803 essent.
983 2733 1023 2793 25

24 2890 25 2895 χ
87 2825 176 2902 Quae
196 2823 325 2884 victoria
344 2832 448 2884 tantae
468 2823 527 2884 fuit
547 2823 659 2882 Atticis
683 2822 825 2897 laetitiae,
845 2831 880 2883 ut
903 2831 970 2883 tum

87 2905 221 2984 primum
244 2923 315 2963 arae
338 2903 412 2963 Paci
435 2903 556 2982 publice
582 2903 643 2963 siut
665 2904 764 2964 factae
787 2904 873 2982 eique
897 2903 971 2962 deae

88 2985 233 3063 pulvinar
252 2983 291 3043 sit
310 2984 491 3044 Institutum.
532 2983 626 3063 Cujus
649 2983 749 3043 laudis
769 2992 805 3043 ut
825 2981 972 3043 memoria

89 3071 232 3137 maneret,
252 3063 409 3123 Timotheo
432 3064 554 3142 publice
579 3072 711 3123 statuam
730 3064 764 3122 in
783 3062 848 3122 foro
869 3080 972 3142 posue

89 3154 168 3207 runt.
211 3144 275 3220 Qui
295 3143 389 3203 honos
409 3143 480 3203 huic
500 3144 554 3203 uni
574 3152 644 3203 ante
657 3143 690 3202 id
704 3151 822 3220 tempus
835 3139 972 3217 contigit,
986 3134 1026 3194 30

91 3235 130 3298 ut,
145 3244 216 3285 cum
230 3223 311 3302 patri
324 3223 454 3302 populus
467 3232 599 3283 statuam
612 3222 766 3302 posuisset,
776 3220 840 3280 filio
854 3236 973 3299 qnoque
1075 3280 1077 3285 ‚

92 3304 182 3366 daret.
224 3303 274 3364 Sic
293 3304 385 3382 juxta
405 3304 503 3382 posita
522 3322 624 3363 recens
644 3301 701 3360 filii
720 3308 853 3361 veterem
876 3295 973 3375 patris

91 3384 248 3447 renovavit
260 3385 445 3445 memoriam.
