2346 3704
166 124 208 204 66
432 148 645 199 coannnn
675 150 872 201 narcara.

241 311 340 371 redeat
353 327 445 389 quarn
458 307 568 368 diserte
581 307 697 381 dicere;
718 308 869 370 studiosus
887 307 1057 374 audiendi:
1080 331 1123 373 ex

219 333 276 451 hoc
296 390 376 449 enim
397 388 542 449 facillime
561 388 636 447 disci
656 388 872 450 arbitrabatur.
914 386 1030 472 Itaque
1045 413 1122 452 cum

219 471 252 530 in
266 469 413 529 circulum
426 468 564 540 venisset,
579 468 611 525 in
626 476 753 545 queant
768 468 852 528 dere
888 469 994 531 ablica
1010 471 1121 551 dispu-

219 559 344 621 taretur,
365 557 419 608 aut
439 548 477 607 de
496 547 690 627 philosophia
709 567 806 607 sermo
826 548 868 607 ha
908 558 1002 623 retur,
1027 571 1121 610 num-

186 635 205 694 5
220 650 311 709 quam
324 629 395 688 inde
430 628 492 688 rius
506 627 641 687 discessit
654 647 746 705 quam
760 627 800 686 ad
814 627 907 687 finem
920 649 1023 690 sermo
1039 638 1120 691 esset

217 710 374 769 adductus.
443 715 631 785 aupertatem
645 707 720 766 adeo
733 706 824 767 facile
837 727 997 786 perpessus
1011 720 1070 782 est,
1083 717 1119 770 ut

218 789 304 849 dere
322 787 446 868 publica
465 786 543 846 nihil
563 795 683 865 praeter
704 786 834 865 gloriam
858 788 982 866 ceperit.
1025 789 1118 849 Ami·

218 889 322 929 corum
335 868 367 926 in
381 888 412 927 se
426 867 538 927 tuendo
552 866 652 926 caruit
664 865 879 939 facultatibus;
900 867 961 927 fide
975 869 1018 928 ad
1036 869 1116 930 alios

217 948 417 1010 sublevandos
431 966 519 1025 saepe
531 946 575 1005 sic
587 966 659 1007 usus
672 954 726 1018 ast,
736 955 773 1006 ut
780 947 915 1024 judicari
929 948 1036 1027 possit,
1052 970 1116 1009 om-

166 1032 205 1092 10
218 1030 270 1089 nia
283 1029 311 1088 ei
324 1048 394 1087 cum
408 1027 513 1087 amicis
530 1026 621 1086 fuisse
635 1027 816 1087 communia
857 1026 1036 1088 Nemeum
1058 1038 1115 1090 aut

218 1110 331 1170 civium
349 1127 471 1167 suorum
492 1106 602 1185 aliquis
621 1106 662 1166 ab
682 1106 818 1167 hostibus
832 1116 909 1167 esset
922 1118 1042 1187 captus,
1057 1119 1114 1170 aut

217 1190 304 1268 virgo
318 1188 407 1247 amici
421 1185 542 1259 nubilis,
557 1207 634 1266 quae
648 1194 772 1265 propter
785 1196 999 1266 paupertatem
1019 1190 1113 1250 collo-

217 1270 280 1329 cari
307 1288 374 1328 non.
395 1275 501 1346 posset,
521 1267 688 1326 amicorum
716 1267 876 1326 consilium
902 1267 1050 1342 habebat,
1071 1279 1110 1345 et,

238 1357 365 1408 uantum
381 1347 507 1427 quisque
522 1347 618 1419 daret,
654 1367 687 1406 ro
707 1345 905 1407 facultatibus
925 1347 1109 1427 imperabat

163 1431 203 1492 15
266 1448 355 1508 mque
374 1447 524 1487 summam
537 1447 607 1486 oum
634 1435 742 1499 ecerat,
756 1427 934 1506 priusquam
954 1429 1109 1509 acciperet

216 1509 387 1588 pecuniam,
398 1506 570 1567 adducebat
582 1527 661 1579 eum,
672 1506 726 1586 qui
740 1507 913 1585 quaerebat,
927 1508 968 1568 ad
983 1529 1043 1583 eos,
1055 1512 1108 1592 qui

217 1589 418 1660 conferebant,
435 1587 522 1665 eique
542 1595 577 1647 ut
597 1586 655 1665 ipsi
675 1596 879 1660 numerarent,
899 1587 1051 1662 faciebat;
1072 1601 1108 1652 ut

216 1669 277 1742 ille,
287 1668 431 1809 {dbquem
445 1687 481 1727 ea
495 1686 541 1726 res
555 1666 760 1747 perveniebat,
770 1667 868 1741 sciret,
879 1678 1032 1746 quantum
1045 1672 1107 1730 oui·

237 1770 274 1809 ue
309 1757 416 1808 aeret.
1153 1796 1154 1807 .

163 1771 236 1897 20q
256 1829 313 1892 IV.
334 1828 464 1889 Tentata
481 1837 583 1889 autern
604 1828 667 1907 ejus
687 1835 733 1889 est
751 1827 935 1909 abstinentia
948 1850 968 1890 a
982 1829 1105 1893 Diome·
1153 1824 1154 1841 ¹

216 1911 315 1982 dente,
329 1909 484 1989 Cyziceno.
525 1909 668 1988 Namque
688 1909 713 1969 is
733 1918 842 1987 rogatu
855 1908 1041 1971 Artaxerxis
1059 1932 1103 1972 re-
1152 1910 1153 1943 l

215 1993 260 2071 gis
288 1990 532 2071 Epaminondam
558 1989 688 2068 pecunia
717 1990 974 2068 corrumpendum
1006 2011 1101 2054 susce·
1151 2028 1152 2045 .

216 2080 309 2153 perat.
350 2069 413 2129 Hic
427 2090 536 2148 magno
551 2089 621 2130 cum
635 2069 769 2148 pondere
788 2070 856 2128 auri
875 2069 994 2131 Thebas
1006 2071 1098 2146 venit,

214 2161 245 2212 et
271 2150 444 2229 Micythum
472 2149 730 2210 adolescentulum
757 2150 891 2228 quinque
914 2150 1036 2211 talentis
1057 2153 1097 2213 ad
1148 2170 1150 2248 q

162 2237 201 2298 25
215 2252 301 2292 suam
314 2231 458 2311 perduxit
470 2230 668 2302 voluntatem,
683 2249 772 2308 quem
786 2238 852 2289 tum
872 2229 1096 2309 Epaminondas
1148 2300 1149 2303 Ἴ

214 2312 380 2392 plurimum
394 2310 548 2390 diligebat.
590 2309 653 2369 Mic
675 2310 746 2368 thus
766 2309 1011 2388 Epaminondam
1031 2332 1095 2373 oon-
1148 2324 1149 2351 l

212 2393 346 2465 renitet
360 2408 480 2451 causam
494 2391 642 2452 adventus
685 2390 862 2451 iomedontis
875 2391 1012 2452 ostendit.
1050 2392 1094 2454 At
1147 2388 1148 2453 l

211 2474 267 2533 'ille
287 2471 481 2533 Diomedonti
502 2491 613 2543 eoram,
635 2469 777 2543 “Nihil‚”
798 2470 907 2550 inquit,
929 2475 1027 2550 “opus
1045 2494 1093 2552 pe
1146 2504 1147 2547 l

214 2554 304 2615 cunia
323 2561 375 2613 est.
416 2551 497 2611 Nam
518 2551 550 2610 si.
564 2572 618 2611 rex
638 2551 765 2624 eavult,
779 2566 857 2630 quae
870 2550 1019 2612 Thebanis
1034 2555 1091 2615 sint

161 2639 200 2700 30
214 2635 311 2707 utilia,
325 2633 419 2711 gratis
432 2633 530 2693 facere
548 2652 615 2692 sum
629 2640 770 2710 paratus;
791 2633 838 2691 sin
859 2641 961 2693 autem
981 2644 1090 2694 contra·

213 2716 268 2788 ria,
291 2734 352 2775 non
376 2713 467 2773 habet
488 2713 555 2774 auri
580 2721 671 2792 atque
694 2712 812 2791 argenti
835 2713 916 2773 satis.
956 2712 1089 2793 Namque
1144 2670 1145 2759 l

213 2796 293 2856 orbis
306 2804 456 2856 terrarum
467 2793 589 2854 divitias
603 2793 738 2872 accipere
748 2792 818 2853 nolo
829 2813 884 2871 pro
895 2794 1010 2886 patriae
1019 2796 1087 2854 cari·

212 2885 282 2937 tate.
323 2875 371 2936 Tu
395 2873 475 2954 quod
503 2894 551 2933 me
573 2873 761 2951 incognitum
785 2882 909 2933 tentasti
932 2875 1032 2952 tuique
1052 2876 1087 2936 si·

212 2958 314 3017 milem
335 2955 522 3027 existimasti,
543 2973 604 3013 non
628 2954 722 3012 miror
745 2953 862 3032 tibique
885 2954 1018 3033 ignosco;
1036 2955 1085 3016 sed

159 3042 197 3101 35
211 3039 350 3118 egredere
369 3054 505 3114 propere,
519 3054 558 3093 ne
578 3033 653 3093 allos
674 3053 857 3111 corrumpas,
875 3054 946 3093 cum
966 3054 1011 3095 me
1027 3055 1084 3096 non

211 3118 351 3198 potueris.
394 3115 436 3174 Et
446 3123 489 3187 tu,
501 3113 647 3193 Micythe,
658 3121 817 3191 argentum
828 3113 899 3173 huic
910 3113 1013 3186 redde;
1026 3124 1082 3189 aut,

210 3199 267 3258 nisi
286 3198 318 3257 id
338 3194 493 3256 confestim
512 3193 595 3265 facis,
610 3213 665 3270 ego
685 3202 715 3252 te
735 3193 856 3252 tradam
877 3194 1082 3273 magistratui.''

210 3277 304 3337 Hunc
325 3273 495 3334 Diomedon
516 3293 586 3332 cum
606 3281 734 3351 rogaret,
748 3281 783 3333 ut
797 3282 863 3333 tuto
877 3275 961 3334 exire
972 3295 1081 3354 suaque,

210 3377 287 3434 qnae
300 3353 454 3424 attulerat,
464 3352 568 3415 liceret
578 3351 690 3425 efferre,
702 3352 815 3412 “Istud
826 3354 974 3432 quidem,''
985 3355 1081 3437 inquit,
