2288 3698
127 150 191 215 llo
400 166 613 214 coauaau
643 164 838 213 narcara

180 323 321 404 plurimis
343 324 457 396 rideas,
481 323 663 383 continentis
686 322 776 383 debet
798 322 889 396 duci;
916 331 946 383 et
967 323 1072 402 potius

180 404 339 482 diligentia
366 425 458 483 quam
486 404 583 483 pretio
610 423 727 482 parare,
751 423 813 462 nou
840 403 995 463 mediocris
1020 411 1072 462 est

180 484 354 543 industriae„
404 483 545 563 Elegans,
573 503 635 543 nou
661 482 857 562 magnificus3
885 482 1070 562 splendidus,

180 584 242 624 non
265 573 474 642 sumptuosus3
502 563 585 622 omni
608 562 769 641 diligentia
792 563 982 635 munditiam,
1004 582 1070 621 non
1139 636 1140 643 ἵ

148 644 168 704 5
180 643 367 704 affluentiam
378 643 546 702 affectabat
587 642 733 721 Supellex
746 643 876 716 modica,
887 663 949 703 non
961 642 1070 715 multa,
1139 658 1140 667 ¹

181 732 216 784 ut
229 724 262 783 in
276 734 415 783 neutram
429 733 547 802 partem
568 722 701 802 conspici
720 731 828 801 posset
869 722 901 783 N
902 744 936 784 ec
955 731 1072 802 praete·

180 803 256 877 ribo,
280 823 465 883 quamquam
489 802 644 863 nonnullis
670 801 739 863 leve
761 803 862 863 visum
886 803 925 862 iri
949 812 1070 882 putem:

181 905 251 945 cum
273 885 306 943 in
327 883 432 962 primis
453 881 556 943 lautus
578 892 654 942 esset
674 903 765 961 eques
778 882 945 955 Romanus,
959 892 988 942 et
1005 902 1071 942 non

223 984 291 1024 rum
315 963 481 1023 liberaliter
503 963 628 1022 domum
651 983 737 1022 suam
764 963 901 1022 omnium
929 963 1071 1023 ordinum
1140 986 1141 1037 3

130 1045 169 1107 10
204 1045 319 1105 omines
339 1044 492 1116 invitaret,
505 1043 616 1102 scimus
634 1062 696 1103 non
717 1041 849 1121 amplius
871 1064 963 1122 quam
983 1052 1071 1103 terna

180 1125 268 1185 milia
287 1125 365 1184 aeris
384 1142 533 1202 peraeque
553 1122 586 1181 in
605 1122 739 1202 singulos
752 1142 868 1183 menses
881 1144 922 1183 ex
935 1122 1073 1202 epheme-

181 1206 247 1265 ride
266 1225 334 1265 eum
355 1222 521 1282 expensum
541 1203 676 1282 sumptui
696 1202 775 1262 ferre
793 1203 926 1263 solitum.
967 1203 1072 1282 Atque

181 1284 239 1345 boo
251 1304 312 1344 non
326 1284 475 1357 auditum,
484 1283 537 1343 sed
550 1284 705 1362 cognitum
716 1283 934 1361 praedicamus.
976 1282 1072 1362 Saepe

181 1365 262 1506 efiqu'lq
282 1374 406 1444 propter
424 1362 662 1425 familiaritatem
682 1363 852 1424 domesticis
872 1364 962 1424 rebus
982 1364 1072 1424 inter·
1141 1416 1142 1439 ,

129 1446 168 1507 15
218 1445 224 1458 ’
260 1464 303 1504 us.
1141 1442 1142 1467 ³

222 1522 315 1585 XIV.
336 1524 435 1585 Nemo
448 1524 481 1584 in
495 1523 635 1585 convivio
648 1525 712 1604 ejus
726 1523 812 1584 aliud
825 1544 967 1584 acroama
988 1525 1072 1584 audi-

182 1605 230 1668 vit
249 1625 341 1684 quam
361 1613 564 1684 anagnosten3
584 1605 665 1684 quod
682 1623 737 1665 nos
751 1604 873 1683 quidem
896 1605 1072 1665 ‘ucundissi

182 1706 267 1746 mum
281 1685 473 1745 arbitramur.
514 1684 622 1763 Neque
635 1705 780 1763 umquam
793 1686 857 1744 sine
870 1627 976 1764 aliqua
990 1685 1072 1745 lecti·

182 1787 240 1828 one
261 1765 344 1845 apud
365 1785 435 1825 eum
456 1774 615 1825 coenatum
637 1774 690 1837 cst,
708 1772 744 1823 ut
764 1784 825 1824 non
847 1766 949 1824 minus
970 1766 1072 1826 animo

130 1849 170 1910 20
183 1868 276 1927 quam
292 1854 399 1908 ventre
419 1844 566 1906 convivae
587 1844 817 1905 delectarentur.
858 1844 1003 1925 Namque
1024 1866 1073 1906 eos
1142 1848 1143 1893 l

183 1927 322 1999 vocabat,
332 1946 461 2005 quorum
474 1944 571 1985 mores
581 1945 601 1984 a
609 1924 671 1984 suis
681 1944 742 1983 non
753 1924 958 1985 abhorrerent
994 1925 1072 1986 Cum

184 2017 270 2069 tanta
290 2007 437 2087 pecuniae
456 2005 538 2066 facta
558 2013 633 2065 oeset
648 2004 784 2076 occasum,
798 2004 877 2064 nihil
891 2006 930 2065 de
943 2007 1074 2084 quotidi·
1142 1996 1143 2045 ἶ

183 2108 243 2150 ano
269 2088 355 2148 cultu
388 2085 529 2158 mutavit,
556 2084 634 2143 nibil
665 2085 703 2144 de
730 2085 812 2145 vitae
838 2086 1074 2158 consuetudine3

183 2176 329 2247 tantaque
341 2187 413 2227 usus
425 2174 470 2226 est
484 2165 697 2238 moderatione,
711 2173 746 2224 ut
766 2183 863 2244 neque
884 2165 917 2223 in
937 2167 1074 2227 sestertio

131 2250 170 2312 25
184 2247 285 2320 vicies,
298 2248 379 2327 quod
400 2267 420 2308 a
442 2254 530 2339 patre
549 2254 715 2324 acceperat,
734 2265 843 2324 parum
864 2265 895 2304 se
915 2244 1075 2324 splendide

183 2328 315 2409 gesserit,
328 2347 425 2406 neque
445 2347 477 2386 m
496 2326 631 2386 sestertio
644 2325 755 2385 centies
774 2323 947 2385 affluentius
959 2326 1076 2386 vixerit

205 2429 276 2469 nam
290 2408 470 2480 instituerat,
482 2407 610 2486 parique
629 2405 749 2484 fastigio
769 2404 884 2464 steterit
898 2405 931 2463 in
945 2414 1076 2486 utraque

183 2431 315 2551 lortuna.
356 2487 467 2547 Nullos
479 2486 588 2547 habuit
601 2485 712 2558 hortos,
726 2485 844 2544 nullam
864 2484 1076 2546 suburbanam

185 2579 239 2631 aut
255 2569 440 2630 maritimam
460 2576 667 2646 sumptuosam
681 2565 798 2638 villam,
812 2585 908 2643 neque
923 2565 956 2624 in
970 2565 1075 2640 Italia,

132 2653 172 2715 30
184 2659 304 2732 praeter
317 2648 521 2709 Ardeatinam
535 2656 565 2706 et
578 2646 814 2718 Nomentanum,
828 2645 975 2705 rusticum
990 2666 1076 2724 prae·

186 2732 289 2803 dium;
310 2729 465 2806 omnisque
478 2728 542 2807 ejus
561 2726 707 2806 pecuniae
727 2725 841 2785 reditus
862 2725 1021 2786 constabat
1041 2726 1074 2785 in

185 2809 349 2890 Epiroticis
370 2818 401 2869 et
422 2807 546 2867 urbanis
567 2804 809 2885 possessionibus.
850 2804 902 2864 Ex
923 2825 985 2883 quo
1007 2825 1075 2885 cog·

185 2891 268 2952 nosci
287 2897 393 2971 potest,
407 2908 496 2948 usum
516 2907 585 2947 eum
605 2886 752 2965 pecuniae
772 2905 832 2945 non
852 2885 1074 2964 magnitudine,

185 2973 236 3034 sed
251 2972 367 3034 ratione
380 2968 480 3029 metiri
493 2967 625 3028 solitum.

132 3055 171 3115 35
225 3051 301 3113 XV.
322 3047 517 3109 Mendacium
538 3066 635 3124 neque
648 3045 776 3118 dicebat,
789 3064 887 3124 neque
906 3045 973 3125 pati
992 3055 1075 3125 pote·

186 3141 242 3192 rat.
284 3130 392 3207 Itaque
413 3129 476 3206 ejus
500 3126 624 3185 comitas
648 3146 709 3184 non
732 3126 796 3185 sine
819 3125 979 3186 severitate
1000 3136 1075 3202 erat,

186 3230 283 3290 neque
302 3208 436 3288 gravitas
457 3206 521 3265 sine
542 3203 698 3277 facilitate,
712 3214 747 3265 ut
760 3205 883 3265 difficile
896 3215 973 3267 esset
988 3206 1077 3268 intel·

186 3289 277 3361 lectu,
296 3297 400 3347 utrum
421 3304 490 3344 eum
511 3284 601 3343 amici
621 3285 717 3361 magis
737 3294 913 3345 vererentur
933 3307 975 3346 au
994 3308 1077 3349 ama·

187 3375 263 3426 rent.
311 3363 471 3441 Quidquid
498 3362 670 3439 rogabatur,
697 3364 834 3443 religiose
860 3367 1079 3444 promittebat;
