2288 3698
251 165 283 212 1.
310 166 562 215 1111101111
591 166 780 216 armeus.
941 152 1012 218 alt

1 335 2 338 ’
75 323 233 402 scriptione
260 323 432 402 perillustre
458 323 525 384 fuit.
567 324 649 385 Nam
677 346 746 384 cum
774 325 809 385 L.
834 324 956 399 Saufeii,

77 403 180 482 equitis
205 403 346 476 Romani,
367 404 501 483 aequalis
524 405 580 477 sui,
602 405 654 482 qui
674 405 843 483 complures
863 427 957 467 armos

75 484 170 544 studio
185 484 294 543 ductus
314 484 522 564 philosophiae
543 484 702 546 habitabat
715 485 854 558 Athenis,
869 486 957 546 habe

75 561 183 641 batque
194 564 226 622 in
237 563 329 622 Italia
339 565 483 643 pretiosas
497 565 700 644 possessiones,
711 565 864 628 triumviri
878 566 957 627 bona

73 644 276 703 vendidissent
284 645 499 705 cousuetudine
509 665 553 716 ea,
562 665 623 723 qua
633 655 756 705 tum-res
766 646 956 724 gerebantur,
991 649 1025 708 5-

73 722 169 784 Attici
192 723 295 784 labore
316 732 408 803 atque
429 724 578 784 industria
600 726 715 785 factum
736 735 789 798 est,
803 736 838 785 ut
851 727 956 786 eodem

72 804 177 863 nuntio
199 802 338 864 Saufeius
359 804 444 864 fieret
466 805 582 878 certior,
596 825 627 864 se
649 805 866 884 patrimonium
884 807 956 866 ami-

71 884 140 943 sisse
167 892 198 943 et
225 903 422 963 recuperasse.
472 883 558 944 Idem
592 884 628 944 L.
651 884 777 959 ,Julium
805 884 955 958 Calidum,

71 984 160 1041 quem
184 973 252 1042 post
275 964 410 1024 Lucretii
431 964 605 1045 Catullique
628 973 756 1024 mortem
779 965 876 1025 multo
900 964 956 1024 ele

69 1045 279 1122 gantissimum
304 1049 423 1123 poetam
447 1054 580 1105 nostram
604 1045 707 1104 tulisse
733 1053 862 1105 aetatem
886 1065 956 1105 vere
972 1051 1009 1111 10

68 1124 176 1184 videor
192 1144 277 1202 posse
290 1125 478 1198 contendere,
492 1145 588 1204 neque
609 1125 708 1184 minus
721 1125 822 1185 virum
842 1124 955 1185 bonum

68 1204 251 1282 optimisque
277 1205 393 1264 artibus
426 1206 588 1278 eruditum,
615 1214 682 1283 post
709 1205 955 1285 proscriptionem

69 1284 207 1362 equitum
223 1293 346 1363 propter
365 1305 490 1364 magnas
510 1286 573 1364 ejus
586 1285 748 1346 Africanas
761 1286 956 1364 possessiones

69 1363 101 1422 in
122 1365 359 1443 proscriptorum
386 1385 559 1425 numerum·
574 1385 593 1424 a
620 1364 654 1425 P.
675 1364 851 1439 Volumnio,
871 1387 955 1445 prae·

69 1443 147 1504 fecto
170 1444 291 1503 fabrum
310 1444 447 1518 Antonii,
462 1445 615 1505 absentem
638 1445 767 1505 relatum
791 1447 954 1526 expedivit.
970 1451 1008 1512 15

69 1523 162 1601 Quod
177 1524 209 1583 in
224 1525 372 1603 praesenti
392 1534 496 1584 utrum
509 1525 538 1585 ei
554 1524 731 1585 laboriosius
744 1545 784 1586 an
797 1527 955 1605 gloriosius

69 1603 172 1677 1110111,
182 1604 305 1665 difficile
315 1605 374 1664 fuit
383 1605 538 1685 judicare3
553 1605 633 1683 quod
644 1605 675 1664 in
686 1625 789 1681 eorum
804 1606 954 1684 periculis,

67 1705 131 1745 non
151 1705 238 1745 secus
256 1685 395 1764 ,absentes
419 1706 511 1765 quam
532 1693 701 1764 praesentes
724 1686 836 1747 amicos
849 1687 954 1747 Attico

67 1786 130 1826 esse
144 1786 236 1826 curae
249 1765 402 1846 cognitum
416 1776 468 1828 est.

108 1846 208 1907 XIII.
229 1847 337 1927 Neque
349 1868 421 1908 vero
435 1848 488 1908 ille
501 1849 550 1910 vir
569 1849 669 1909 minus
689 1849 785 1909 bonus
805 1858 893 1927 pater
912 1846 955 1907 fa·
968 1850 1008 1913 20

68 1927 170 1987 milias
183 1927 305 1988 habitus
318 1936 363 1988 est
372 1949 463 2007 quam
478 1929 561 1990 civis.
601 1928 766 1988 Nemeum
781 1937 856 1988 esset
868 1948 955 2006 pecu·

68 2008 180 2081 niosus,
193 2027 282 2068 nemo
295 2008 349 2068 illo
362 2009 462 2069 minus
475 2009 534 2069 fuit
547 2029 646 2080 emax,
660 2009 759 2067 minus
773 2007 954 2067 aedificator.

68 2087 178 2168 Neque
202 2097 304 2149 tamen
327 2109 388 2149 uon
408 2089 441 2148 in
461 2088 567 2168 primis
587 2088 663 2149 bene
682 2087 842 2160 habitavit,
862 2087 955 2148 omni-

68 2168 187 2248 busque
200 2169 321 2248 optimis
335 2168 423 2230 rebus
437 2189 507 2230 usus
521 2178 572 2229 est
614 2168 695 2228 N'am
710 2169 833 2228 domum
847 2167 956 2228 habuit

68 2249 101 2308 in
123 2249 203 2310 colle
224 2248 379 2324 Quirinali
400 2248 655 2329 Tamphilianam,
674 2247 712 2309 ab
735 2249 886 2310 avunculo
906 2248 1008 2311 110-25

68 2329 199 2390 reditate
212 2329 365 2402 relictam;
385 2331 471 2409 cujus
485 2330 649 2390 amoenitas
663 2349 724 2389 non
744 2329 889 2402 aedificia,
902 2329 955 2390 sed

66 2410 148 2472 silva
162 2408 327 2470 constabat.
368 2408 474 2489 Ipsum
484 2410 564 2469 enim
575 2418 697 2481 tectum,
707 2409 874 2489 antiquitus
887 2430 955 2470 con-

66 2491 219 2561 stitutum,
234 2489 303 2568 plus
322 2489 393 2550 salis
414 2510 506 2569 quam
525 2498 663 2569 sumptus
679 2490 827 2562 habebat;
848 2490 880 2549 in
894 2511 954 2568 quo

66 2570 147 2630 nihil
162 2569 369 2642 commutavit,
384 2570 442 2629 nisi
462 2570 487 2629 si
507 2570 581 2649 quid
595 2579 744 2631 vetustate
761 2580 880 2630 coactus
901 2580 953 2631 011.
998 2639 1003 2645 ¹

66 2649 151 2715 Usus
165 2659 210 2710 est
223 2649 349 2722 familia,
360 2650 385 2709 si
399 2650 532 2710 utilitate
541 2650 741 2728 judicandum
755 2660 808 2722 011,
822 2651 937 2728 optima
945 2671 953 2723 ;
969 2652 1007 2715 30

65 2732 92 2791 11
105 2732 214 2803 forma,
230 2730 284 2791 vix
304 2730 455 2791 meliocri
496 2730 637 2809 Namque
658 2731 689 2789 in
710 2751 745 2790 ea
761 2740 848 2790 erant
867 2730 954 2810 pueri

66 2810 287 2882 litteratissimi,
302 2820 485 2888 anagnostae
499 2810 615 2888 optimi,
629 2818 660 2869 et
680 2810 805 2889 plurimi
827 2811 954 2883 librarii,

64 2900 101 2951 ut
125 2909 165 2950 ne
188 2890 368 2969 pedisequus
392 2890 513 2969 quidem
534 2891 692 2969 quisquam
717 2899 800 2963 essct,
821 2891 873 2969 qui
893 2910 954 2950 non

64 2980 231 3049 utrumque
250 2970 359 3030 horum
379 2970 506 3048 pulchre
526 2969 624 3030 facere
644 2979 757 3048 posset;
778 2971 845 3049 pari
866 2970 954 3030 modo

64 3050 196 3112 artifices
230 3049 329 3122 ceteri,
378 3071 431 3110 uos
458 3050 557 3110 cultus
591 3051 769 3111 domesticus
797 3049 954 3122 desiderat,
969 3050 1007 3111 35

63 3131 204 3210 apprime
218 3129 297 3192 boni.
338 3071 445 3208 lisque
458 3138 559 3189 tamen
574 3131 682 3191 horum
696 3149 886 3209 quemquam,
897 3129 954 3188 nisi

63 3211 148 3273 domi
168 3220 275 3269 natum
296 3211 436 3289 domique
456 3209 579 3282 factum,
595 3209 720 3280 habuit;
741 3208 821 3286 quod
835 3217 879 3267 est
899 3209 955 3288 sig·

62 3311 139 3351 num
160 3309 221 3350 non
242 3289 339 3350 solum
361 3289 570 3360 continentiae,
587 3289 638 3348 sed
659 3288 750 3346 etiam
771 3287 954 3362 diligentiae.

63 3370 147 3433 Nam
175 3379 205 3430 at
231 3389 293 3430 non
319 3369 554 3448 intemperanter
581 3365 797 3440 concupiscere,
825 3362 905 3436 quod
935 3381 955 3419 a
