2346 3704
406 149 682 200 mormanus.
924 220 928 231 Ι
995 137 1038 201 35

94 306 172 371 tiam
186 305 308 369 rediret.
351 307 459 388 Itaque
473 318 591 388 tempus
605 309 668 388 ejus
681 305 880 370 interficiendi
894 328 983 390 quae·

95 409 161 449 rere
182 389 389 448 instituerunt.
431 388 468 449 Id
489 390 646 449 Alcibiadi
668 389 782 449 diutius
806 389 897 449 celari
921 410 983 449 non

94 469 212 550 potuit:
228 476 295 528 erat
309 469 389 528 enim
403 490 439 528 ea
452 470 625 547 sagacitate,
641 478 674 529 ut
688 469 786 549 decipi
800 490 860 529 non
875 478 981 548 posset,

115 549 275 608 raesertim
297 567 367 609 curn
389 549 525 608 animum
548 546 723 610 attendisset
743 550 782 609 ad
804 551 981 611 cavendum.

93 569 206 707 Ttaque
220 628 261 688 ad
275 627 514 707 Tissaphernem,
529 629 713 708 praefectum
735 630 812 708 regis
832 628 931 703 Darii,
952 650 983 690 se
1016 630 1035 691 5

92 709 234 770 contulit
276 707 370 787 Cujus
384 728 453 768 cum
464 709 496 767 in
511 708 648 768 intimam
659 709 823 769 amicitiam
834 711 983 788 pervenis

5 832 8 851 .
92 799 148 860 set,
167 798 200 848 et
219 786 463 860 Atheniensium,
484 787 564 848 male
587 789 677 868 gestis
702 789 734 848 in
758 789 861 850 Sicilia
884 789 982 863 rebus,

92 889 166 947 opes
194 888 354 941 senescere,
382 877 487 928 eontra
515 867 824 929 lacedaemoniorum
852 889 983 930 crescere

92 938 259 1021 videret(
259 948 347 1007 initio
375 969 444 1008 curn
473 948 620 1009 Pisandro
648 957 793 1028 praetore,
820 949 873 1029 qui
900 949 981 1029 apud

92 1027 224 1089 Samum
234 1029 400 1089 exereitum
410 1028 551 1101 habebat,
563 1049 617 1107 per
627 1029 727 1088 intern
770 1030 827 1089 tios
841 1029 984 1108 colloqui·
997 1031 1036 1099 10

91 1116 146 1170 tur
166 1109 258 1169 etde
278 1109 378 1168 reditu
400 1130 454 1169 suo
477 1109 551 1169 facit
573 1110 724 1168 mentione
757 1155 764 1169 .
805 1109 884 1170 Erat
902 1110 983 1170 enim

91 1189 212 1262 eodem,
227 1209 286 1268 quo
301 1189 486 1262 Alcibiades,
507 1210 605 1262 sensu,
624 1208 663 1269 po
687 1189 730 1248 uli
790 1190 902 1250 tentiae
921 1210 982 1250 uon

90 1270 223 1342 amicus,
243 1278 273 1329 et
296 1289 314 1328 o
337 1270 478 1329 timetum
507 1270 616 1330 fautor.
690 1268 709 1328 b
737 1269 777 1329 ho
821 1271 983 1331 destitutus

91 1350 233 1430 primum
246 1369 300 1429 per
314 1290 549 1429 Thrasybulum,
565 1350 642 1429 Lyci
661 1349 768 1423 filium,
789 1350 827 1410 ab
848 1351 982 1411 exercitu

91 1429 245 1509 recipitur
263 1438 443 1509 praetorque
462 1431 498 1491 fit
519 1431 601 1508 apud
622 1429 763 1503 Samum3
784 1440 859 1510 post,
879 1431 983 1491 suffra·
997 1432 1036 1492 15

91 1518 190 1591 gente
214 1509 408 1582 Theramene,
429 1509 535 1589 populi
560 1511 634 1570 scito
658 1511 834 1583 restituitur,
878 1511 983 1590 arique

91 1590 205 1652 absens
218 1588 345 1669 imperio
382 1591 533 1651 raeticitur
553 1590 644 1651 simul
658 1611 727 1651 curn
741 1531 931 1670 Thrasybulo
952 1599 982 1651 et

91 1670 294 1732 Theramene.
371 1691 457 1730 orum
479 1671 511 1730 in
534 1671 660 1750 imperio
680 1679 767 1731 tanta
787 1671 982 1731 commutatio

92 1771 201 1813 rerum
224 1750 306 1812 facta
329 1760 383 1824 est,
403 1759 439 1812 ut
462 1750 703 1824 Lacedaemonii,
724 1751 777 1830 qui
797 1749 888 1829 paulo
912 1759 983 1810 onte

92 1833 227 1897 victores
240 1832 409 1911 viguerant,
425 1832 576 1911 perterriti
595 1852 699 1911 pacem
713 1838 856 1910 peterent.
897 1829 982 1891 Victi
996 1830 1036 1890 20

93 1914 181 1975 enim
194 1920 281 1972 erant
314 1913 427 1992 uinque
438 1912 559 1991 proeliis
573 1911 772 1984 terrestribus,
783 1910 880 1969 trihus
890 1930 982 1969 nava·

93 1993 188 2066 libus,
202 1993 234 2052 in
248 1933 357 2071 quibus
378 1994 522 2053 ducentas
543 2012 636 2053 naves
655 1991 791 2051 triremes
811 1991 982 2062 amiserant,

94 2094 178 2155 quae
193 2083 300 2152 captae
313 2073 346 2132 in
359 2073 492 2133 hostium
506 2081 652 2135 venerant
672 2079 858 2150 potestatem.-
898 2068 983 2129 Alci·

94 2154 202 2216 biades
222 2152 313 2213 simul
333 2173 402 2214 cum
424 2153 546 2232 collegis
567 2160 719 2230 receperat
737 2149 865 2223 Ioniam,
879 2148 982 2210 Helle-

49 2285 52 2291 .
92 2244 249 2316 spontum,
263 2233 376 2294 multas
398 2243 554 2312 praeterea
578 2231 666 2292 urbes
689 2230 829 2304 Graecas,
851 2250 928 2309 quae
949 2230 981 2289 in
996 2229 1034 2290 25

92 2336 153 2377 ora
162 2315 238 2374 sitae
247 2323 318 2375 sunt
327 2314 429 2387 Asiae,
440 2334 568 2392 quarum
579 2319 791 2392 expugnarant
805 2310 981 2389 complures,

92 2397 129 2457 in
145 2395 192 2455 his
206 2394 407 2476 Byzantium3
428 2414 525 2474 neque
546 2394 646 2452 minus
665 2393 778 2452 multas
797 2391 921 2451 consilio
942 2390 982 2450 ad

91 2476 264 2538 amicitiam
291 2475 503 2547 ad'unxcrant,
529 2474 610 2552 quod
636 2473 668 2532 in
696 2482 799 2551 captos
823 2470 982 2531 clementia

91 2557 220 2618 fuerent
232 2555 288 2616 usi.
327 2497 379 2616 ita
393 2556 506 2634 praeda
521 2553 629 2627 onusti,
641 2553 824 2639 locupletato
837 2549 981 2622 exercitu,

92 2637 241 2698 maximis
254 2635 343 2696 rebus
356 2636 455 2715 gestis,
470 2635 607 2694 Athenas
621 2641 776 2695 venerunt.
996 2628 1035 2690 30

140 2715 198 2779 VI.
220 2715 280 2776 His
294 2737 363 2776 cum
377 2716 498 2776 obviarn
513 2715 654 2774 universa
673 2713 779 2774 civitas
792 2712 824 2771 in
839 2710 982 2771 Piraeum

93 2796 306 2869 descendisset,
321 2805 407 2855 tanta
428 2796 487 2854 fuit
507 2795 642 2856 omnium
663 2814 716 2853 ers
738 2792 846 2852 octatio
866 2790 982 2852 visendi

94 2876 280 2948 Alcibiadis,
305 2885 339 2935 ut
360 2876 400 2935 ad
422 2876 485 2954 ejus
506 2875 659 2934 triremem
680 2814 790 2951 vuTgus
811 2871 982 2941 conflueret,

94 2957 226 3038 proinde
252 2976 289 3016 ae
315 2955 341 3014 si
367 2955 447 3015 solus
475 2954 651 3015 advenisset.
692 2952 742 3014 Sic
766 2951 846 3011 enim
869 2949 982 3030 populo

95 3045 164 3098 emt
183 3056 367 3117 persuasum,
382 3044 412 3095 et
432 3033 573 3095 adversas
593 3032 758 3110 superiores
772 3040 802 3090 et
815 3038 983 3109 praesentes
996 3025 1036 3086 35

95 3117 246 3179 secundas
260 3135 306 3175 res
319 3115 461 3175 accidisse
475 3114 538 3192 ejus
557 3132 656 3189 opera.
698 3111 806 3189 Itaque
820 3120 850 3170 et
862 3108 983 3169 Siciliae

96 3198 244 3258 amissum
259 3205 289 3255 et
302 3193 611 3254 Lacedaemoniorum
624 3191 767 3253 victorias
784 3190 893 3266 culpae
912 3205 984 3245 suae

97 3276 286 3347 tribuebant,
301 3274 382 3366 quod
395 3273 488 3333 talem
502 3273 604 3332 virum
619 3289 635 3327 e
649 3270 773 3328 civitate
790 3266 984 3341 expulissent

98 3355 210 3434 Neque
236 3353 270 3414 id
295 3372 361 3413 sine
387 3370 479 3412 causa
506 3346 649 3409 arbitrari
672 3344 862 3407 videbantur.
903 3338 986 3397 Nam
