2346 3704
440 132 654 180 numanus
999 113 1040 180 ⁷9

68 291 278 372 Agesilaum
291 290 347 353 vix
360 289 434 350 fides
448 290 530 350 facta
543 298 596 363 est,
610 308 706 349 unum
720 308 782 350 ease
802 308 841 350 ex
861 288 917 362 his,
933 289 986 368 qui

67 382 154 434 tum
173 372 378 433 accubabant.
420 371 484 446 Qui
505 390 575 429 cum
595 370 673 448 regis
686 370 795 442 verbis,
809 390 888 448 quae
908 379 985 430 attu-

69 453 206 524 lerant,
225 452 384 523 dedissent,
398 449 452 509 ille
472 459 591 528 praeter
604 448 767 510 vitulinam
788 458 818 509 et
839 450 984 527 ejusmodi

68 553 209 613 genera
232 531 358 610 opsonii,
380 550 458 608 quae
481 549 620 609 praesens
644 538 761 608 tempus
785 529 983 602 desiderabat,

69 612 175 673 nihil
190 612 307 690 accepit
316 632 323 683 ;
345 619 511 688 unguenta,-
523 629 648 670 coronas
666 611 890 688 secundamque
903 630 984 669 men·
1017 607 1037 669 5

70 713 157 753 sam
176 692 270 752 servis
281 691 445 769 dispertiit3
459 699 559 750 cetera
569 689 674 749 referri
682 690 780 768 jussit.
823 690 893 765 Quo
903 689 983 749 facto

71 793 165 834 eum
180 771 305 832 barbari
319 771 415 848 magis
434 770 526 830 etiam
547 778 798 847 contempserunt,
813 769 894 847 quod
913 789 983 828 eum

71 853 270 932 ignorantia
283 851 432 911 bonarum
443 870 544 910 rerum
555 849 611 908 illa
643 849 810 909 ctissimum
823 849 983 926 sumpsisse

73 932 334 994 arbitrabantur.
376 930 439 989 Hic
461 950 530 990 cum
552 950 591 989 ex
613 869 755 1008 Kegypto
774 936 981 1001 reverteretur,

74 1015 227 1074 donatus
240 1033 261 1072 a
273 1031 344 1090 rege
358 1010 567 1070 Nectanabide
580 1010 717 1070 ducentis
727 1009 838 1087 viginti
851 1008 981 1084 talentis,
997 1006 1037 1067 10

76 1114 173 1173 quae
194 1092 248 1152 ille
272 1090 391 1150 muneri
414 1091 527 1170 populo
550 1111 604 1150 suo
628 1089 722 1162 daret,
743 1089 931 1167 venissetque
950 1088 982 1147 in

76 1173 228 1254 portum,
243 1171 296 1250 qui
318 1170 451 1230 Menelai
473 1180 607 1246 vocatur,
624 1170 728 1248 jacens
749 1169 829 1228 inter
850 1168 982 1247 Cyrenas

78 1263 119 1314 et
144 1253 335 1331 Aegyptum,
356 1251 388 1308 in
409 1249 548 1309 morbum
570 1250 735 1328 implicitus
759 1249 892 1309 decessit
933 1247 981 1309 lbi

79 1354 163 1394 eum
189 1331 291 1402 amici,
311 1350 371 1408 quo
392 1329 534 1408 Spartam
558 1330 677 1390 facilius
700 1329 831 1407 perferre
854 1338 981 1409 possent,

78 1413 175 1493 quod
191 1411 253 1470 mel
268 1431 329 1469 non
342 1410 505 1484 habebant,
519 1430 588 1470 cera
609 1409 870 1475 circumfuderunt
890 1419 982 1491 atque
997 1405 1035 1466 15

80 1495 137 1554 ita
151 1493 280 1553 domum
294 1489 471 1549 retulerunt

396 1713 672 1726 *ud

286 1921 794 1996 XVIH.EUMENEs

435 2086 649 2129 -οῴοςοο-

135 2211 163 2273 L
185 2210 350 2272 Eunomus
360 2208 537 2270 Cardianus.
572 2208 675 2288 Hujus
688 2207 713 2269 si
724 2208 832 2271 virtuti
842 2229 899 2349 par
909 2209 982 2272 data

89 2301 174 2354 esset
187 2292 320 2363 fortuna,
330 2310 392 2349 non
406 2290 459 2348 ille
472 2289 594 2368 quidem
609 2291 713 2369 major,
724 2291 776 2350 sed
789 2312 842 2350 mu
855 2301 886 2351 to
900 2292 982 2352 illus·

90 2374 174 2433 trior
187 2380 280 2449 atque
294 2371 386 2429 etiam
402 2369 592 2442 honoratior3
613 2371 693 2448 quod
709 2391 834 2449 magnos
846 2372 982 2432 homiues

91 2453 212 2514 virtute
233 2450 384 2523 metimur,
398 2470 459 2509 non
472 2450 602 2509 fortuna.
644 2450 726 2510 Nam
740 2471 810 2510 cum
823 2460 905 2511 aetas
919 2453 982 2531 ejus
997 2449 1036 2510 20

92 2531 252 2591 incidisset
265 2530 298 2588 iu
311 2550 347 2588 ea
360 2539 504 2608 tempora,
516 2529 625 2607 quibus
639 2530 819 2591 Macedones
832 2531 982 2606 florerent,

94 2610 232 2671 multum
254 2610 282 2669 ei
303 2610 437 2669 detraxit
454 2610 535 2668 inter
557 2629 605 2669 eos
625 2610 750 2682 viventi,
765 2612 846 2690 quod
866 2611 983 2673 alienae

95 2700 166 2752 erat
179 2690 328 2761 civitatis;
350 2710 447 2768 neque
468 2689 554 2748 aliud
576 2689 647 2750 huic
666 2690 763 2751 defuit
785 2711 877 2770 quam
897 2714 983 2772 gene-

94 2792 167 2832 rosa
187 2771 285 2849 stirps.
327 2770 394 2830 Etsi
409 2770 462 2830 illc
475 2769 637 2830 domestico
658 2792 774 2832 summo
787 2793 895 2851 genere
909 2783 982 2847 erat,

94 2860 201 2912 tamen
225 2849 405 2910 Macedones
426 2871 495 2910 eum
516 2850 573 2909 sibi
593 2851 757 2930 aliquando
778 2854 920 2932 anteponi
941 2854 984 2912 iu-
998 2850 1037 2910 25

24 2970 37 2980 -ν
96 2932 191 3009 digne
204 2929 357 3002 ferebant3
378 2951 475 3009 neque
488 2938 590 2989 tamen
604 2952 664 2991 non
678 2931 880 3011 patiebantur.
908 2934 984 2995 Vin-

96 3010 188 3072 cebat
201 3011 282 3070 enim
296 3030 397 3070 omnes
418 3031 500 3082 cura,
514 3010 684 3087 vigilantia,
698 3013 854 3090 patientia,
867 3013 984 3073 callidi-

95 3100 161 3152 tate
174 3099 206 3150 et
219 3090 371 3149 celeritate
385 3089 506 3168 ingenii.
543 3090 611 3150 'Hic
632 3092 924 3169 peradulescentulus
944 3092 984 3151 ad

96 3170 266 3232 amicitiam
280 3171 403 3229 accessit
423 3170 569 3248 Philippi,
586 3169 741 3248 Amyntae
761 3171 825 3242 filii,
840 3171 984 3247 brevique

96 3259 234 3328 tempore
243 3249 276 3308 in
287 3249 425 3308 intimam
440 3250 578 3326 pervenit
588 3250 834 3309 familiaritatem.
876 3249 985 3325 Fulge
999 3245 1038 3305 30

97 3329 153 3392 bat
160 3329 241 3389 enim
247 3330 314 3408 jam
323 3328 355 3387 in
364 3328 587 3389 adolescentulo
595 3327 711 3386 indoles
719 3328 849 3387 virtutis.
876 3325 986 3402 Itaque
