2346 3704
123 112 166 178 26
391 130 602 178 coenam
631 98 825 180 nnro‘rrs.

175 284 322 383 Aegyptii
345 285 564 371 sequebantur3
592 287 774 370 epulabatur
793 308 877 351 more
896 291 1064 352 Persarum
1166 308 1167 349 ς

175 366 359 429 luxuriosius
393 390 494 448 quam,
522 368 575 448 qui
608 370 744 443 aderant,
771 369 888 450 perpeti
922 381 1066 450 possent;

176 449 293 509 aditum
309 449 480 528 petentibus
499 449 696 511 conveniendi
716 469 778 510 non
798 450 911 523 dabat;
932 451 1064 531 superbe

176 529 382 608 respondebat,
397 529 559 589 crudeliter
579 529 756 609 imperabat.
798 530 941 669 Spartam
961 531 1063 592 redire
1166 526 1167 605 J

141 606 306 670 5nolebat.
347 608 485 682 Celonas,
499 610 552 688 qui
573 608 657 670 locus
677 610 710 668 in
730 622 803 689 agro
850 611 942 671 roade
961 619 1014 684 est,
1028 629 1062 671 se

176 689 361 762 contulerat;
375 690 419 749 ibi
432 690 557 750 consilia
571 710 641 750 oum
654 691 771 770 patriae
784 699 851 750 tum
864 689 922 750 sibi
932 690 1062 751 'inimica
1166 726 1167 729 =

176 769 322 848 capiebat.
371 767 410 829 Id
436 779 596 849 postquam
624 770 858 831 Iacedaemonii
885 771 1060 845 rescierunt,
1166 822 1167 829 ,

175 847 290 928 legatos
310 867 379 910 eum
399 850 515 930 scytala
535 849 576 910 ad
596 870 666 910 eum
686 851 841 924 miserunt,
855 850 888 909 in
902 871 963 930 qua
976 871 1061 911 more
1166 848 1167 887 ³

70 999 79 1016 θ
176 929 299 991 illorum
319 937 385 990 erat
404 931 569 1010 scripturn:
590 931 650 991 nisi
668 931 792 991 domum
806 939 1014 1004 reverteretur,
1028 952 1061 991 se
1166 986 1167 991 ,

123 1008 161 1074 10
176 1010 283 1089 capitis
309 1030 379 1071 eum
406 1009 609 1071 damnaturos.
652 1010 722 1071 Hoe
749 1011 856 1070 nuntio
884 1020 1060 1084 commotus,
1166 1034 1167 1091 ᾗ

175 1109 297 1170 sperans
320 1110 352 1151 se
374 1089 466 1151 etiam
490 1100 556 1151 tum
580 1092 710 1170 pecunia
733 1100 763 1151 et
786 1091 922 1172 potentia
942 1091 1060 1151 instans
1166 1112 1167 1115 ¹

174 1170 345 1250 perieulum
364 1190 448 1250 posse
469 1170 627 1250 depellere,
648 1172 772 1233 domum
793 1171 890 1231 rediit
931 1169 1004 1231 Huc
1025 1181 1061 1231 ut
1166 1214 1167 1235 2

174 1251 268 1324 venit,
289 1251 328 1311 ab
349 1270 365 1311 e
386 1251 468 1311 horis
488 1252 521 1315 in
541 1251 666 1314 vincula
689 1251 814 1331 publica
834 1252 985 1312 con'ectus
1006 1260 1060 1311 est.

175 1328 263 1391 Licet
276 1272 386 1391 enimi
884 1273 906 1391 b

387 1331 491 1410 egibus
511 1351 615 1392 eorum
636 1332 732 1393 cuivis
752 1332 864 1411 ephoro
906 1350 941 1392 oc
961 1330 1062 1391 facere
1166 1312 1167 1357 T

122 1410 162 1472 15
176 1411 247 1490 regi.
289 1409 373 1471 Hine
396 1420 499 1472 tamen
521 1432 553 1472 se
577 1412 749 1492 expedivit3
777 1432 874 1490 neque
902 1432 936 1472 eo
963 1412 1062 1490 magis
1166 1424 1167 1455 ³

177 1491 299 1551 carebat
311 1490 487 1570 suspicione.
528 1489 610 1552 Nam
624 1493 726 1571 opinio
739 1493 891 1564 manebat,
906 1511 975 1551 eum
989 1508 1061 1552 oum
1165 1524 1167 1535 ι

176 1591 246 1650 rege
258 1571 369 1631 habere
382 1573 562 1633 societatem.
603 1572 661 1632 Fst
680 1593 774 1652 genus
795 1572 947 1652 quoddam
965 1571 1062 1632 homi·
1166 1584 1167 1659 ᾗ

176 1671 260 1725 num,
274 1652 354 1730 quod
375 1652 507 1712 Helotae
526 1660 662 1725 vocatur,
677 1673 805 1732 quorum
825 1673 938 1731 magna
957 1651 1061 1711 multi·
1166 1716 1167 1721 χ

176 1733 250 1793 tudo
265 1752 352 1811 agros
366 1731 675 1793 Lacedaemoniorum
686 1733 759 1793 colit
771 1752 985 1811 servorumque
995 1742 1061 1792 mu'·
1166 1730 1167 1787 3

122 1811 166 1874 20,
176 1833 248 1872 nere
260 1813 407 1891 fungitur.
448 1812 515 1873 Hos
529 1832 648 1952 quoque
668 1813 830 1874 sollicitare
843 1832 896 1891 spe
910 1812 1060 1872 libertatis
1166 1818 1167 1867 ἰ

176 1893 415 1953 existimabatur.
456 1892 515 1953 Sed
529 1913 588 1972 quo

177 2142 208 2194 et
220 2134 465 2212 exspectandum,
480 2135 553 2194 dum
567 2154 599 2194 se
612 2134 678 2214 ipsa
691 2154 737 2193 res
751 2133 890 2212 aperiret.

123 2209 163 2272 25
216 2211 275 2274 IV.
309 2212 437 2274 Interim
470 2213 610 2293 Argilius
643 2213 776 2306 quidam,
812 2211 1060 2287 adolescentulus,
1166 2186 1167 2247 l

177 2312 267 2372 quem
290 2313 419 2372 puerum
442 2293 609 2354 Pausanias
630 2294 788 2367 dilexerat,
808 2312 882 2369 oum,
901 2293 1061 2372 epistolam
1166 2354 1167 2371 ἶ

176 2374 216 2434 ab
230 2392 265 2434 eo
279 2374 318 2434 ad
332 2374 521 2434 Artabazum
534 2373 704 2453 accepisset,
716 2374 803 2452 eique
816 2372 848 2431 in
862 2372 1060 2451 suspicionem
1166 2378 1167 2437 l

176 2455 315 2528 venisset,
325 2453 531 2533 aliquidinea
545 2453 702 2514 deseesse
715 2454 870 2532 scriptum,
881 2453 962 2533 quod
972 2472 1060 2512 nemo
1166 2452 1167 2481 ³

177 2555 281 2595 eorum
304 2534 447 2608 rediisset,
472 2536 524 2627 qui
547 2554 639 2614 super
662 2533 718 2594 tali
742 2553 833 2594 causa
854 2533 958 2592 eodem
977 2533 1060 2593 missi
1166 2562 1167 2585 t

123 2611 164 2675 30
177 2624 272 2688 erant,
293 2615 418 2677 vincula
441 2615 585 2694 epistolae
608 2614 737 2687 laxavit,
757 2615 901 2692 signoque
924 2613 1059 2674 detracto
1165 2666 1167 2675 ,

177 2695 326 2774 cognovit,
339 2695 366 2755 si
385 2696 565 2775 pertulisset,
578 2695 636 2755 sibi
650 2713 711 2755 esse
724 2693 921 2774 pereundum
961 2692 1061 2753 Erant
1166 2718 1167 2765 ᾗ

177 2775 209 2834 in
223 2775 328 2835 eadem
342 2776 477 2868 epistola,
488 2795 567 2855 quae
579 2776 619 2835 ad
633 2796 669 2835 ea
682 2773 883 2854 pertinebant,
894 2793 972 2911 quae
982 2773 1061 2832 inter

176 2874 277 2934 regem
288 2856 530 2935 Pausaniamque
544 2863 754 2916 convenerant
796 2844 899 2913 Has‘il
914 2874 930 2912 e
944 2853 1061 2912 litteras
1166 2922 1167 2927 ἵ

177 2936 296 3013 ephoris
323 2935 457 2996 tradidit.
511 2934 583 2996 Non
610 2944 655 2995 est
681 2933 901 3074 ppaetereulpdp
927 2933 1060 3072 graplitas
1166 2946 1167 3021 j

719 3035 768 3074 am
782 3035 821 3074 ne
857 3034 878 3072 u
891 3033 925 3073 us
959 3033 991 3071 u1
1013 3033 1060 3072 em
1166 3046 1167 3071 i

177 3094 289 3166 indicio
299 3094 422 3171 impulsi
435 3105 515 3167 sunt,
525 3106 560 3155 ut
570 3095 755 3155 Pausaniam
766 3034 1060 3171 comprdhedilerent,
1166 3142 1167 3153 ,

177 3191 274 3251 neque
316 3174 378 3231 rius
394 3174 458 3233 vim
479 3174 685 3233 adhibendam
705 3181 899 3252 putaverunt,
919 3192 1010 3251 quarn
1031 3192 1061 3233 se
1166 3160 1167 3231 i

177 3250 284 3326 ipsein
307 3253 420 3311 ioasset
462 3251 652 3330 Itaque-huie
663 3254 765 3326 indici,
777 3253 851 3331 quid
862 3253 927 3312 fieri
937 3252 1060 3325 vellent,
1166 3302 1167 3325 ,

177 3338 403 3406 praeceperunt.
435 3329 565 3406 ¹Fanum
590 3331 729 3410 Neptuni
752 3341 797 3392 est
820 3332 959 3405 Taenari,
980 3333 1061 3413 quod
1166 3376 1167 3385 η

123 3010 163 3073 35
177 3015 486 3075 Lacedaemoniorum
499 3014 557 3076 hoc
570 3015 645 3076 loco.

623 1894 733 1953 harum
746 1913 847 1952 rerum
860 1892 981 1952 nullum
995 1902 1061 1952 erat
1165 1902 1167 1914 ¹

177 1983 315 2052 apertum
330 1974 452 2047 crimen,
466 1992 527 2052 quo
547 1973 635 2053 argui
653 1982 760 2052 posset,
773 1992 835 2033 non
849 1971 1007 2052 putabant,
1022 1972 1061 2032 de

176 2054 233 2114 tali
243 2063 366 2133 tamque
375 2054 458 2114 claro
468 2055 535 2115 viro
546 2053 765 2132 suspicionibus
776 2062 912 2131 oportere
916 2052 1063 2133 judicari,
