2346 3704
422 160 655 209 CHABBIAS.

310 521 418 599 XII.
453 522 761 598 CHABRIAS.

433 683 646 726 —roossossoo—

132 804 157 866 Ι.
172 804 344 867 Chremes
353 802 555 867 Atheniensis.
597 805 660 866 Hic
674 825 793 886 quoque
805 806 838 868 in
852 808 976 870 summis

90 883 212 947 habitus
232 895 277 946 est
297 886 424 947 ducibus
448 907 553 965 resque
572 886 685 948 multas
705 888 849 948 memoria
869 889 976 968 dignas

14 1024 18 1034 ,
91 966 187 1044 gessit.
229 965 289 1026 Sed
303 987 342 1026 ex
355 967 402 1026 his
416 967 514 1027 elucet
530 967 664 1026 maxime
680 967 838 1028 inventurn
859 969 922 1047 ejus
943 970 976 1029 in

89 1047 213 1123 proelio,
228 1047 309 1124 quod
330 1067 349 1106 a
370 1047 412 1106 ud
433 1045 552 1106 Thebas
572 1046 652 1119 fecit,
667 1068 736 1107 cum
756 1047 888 1107 Boeotiis
908 1049 976 1109 sub

90 1125 165 1186 sidio
175 1127 314 1187 venisset.
387 1147 496 1205 amque
507 1127 723 1188 ineovictoria
733 1126 844 1188 fidente
857 1148 974 1190 summo
1008 1127 1028 1188 5

91 1204 165 1266 duce
173 1206 327 1284 Agesilao,
339 1206 451 1285 fugatis
467 1208 526 1266 'am
537 1207 577 1266 ab
588 1227 621 1267 eo
632 1208 826 1268 conducticiis
837 1210 974 1283 catervis,

90 1285 238 1364 reliquam
260 1286 442 1365 phalangem
460 1228 529 1346 loco
549 1287 647 1348 vetuit
668 1288 780 1360 cedere,
802 1289 974 1369 obnixoque

89 1386 166 1443 genu
181 1375 276 1437 scuto,
287 1367 420 1445 projecta
434 1366 521 1425 hasta
535 1367 681 1445 impetum
695 1368 832 1447 excipere
842 1369 973 1429 hostium

88 1445 200 1506 docuit.
243 1444 281 1504 Id
295 1467 409 1507 novum
423 1445 584 1524 Agesilaus
601 1456 744 1507 contuens
758 1449 899 1527 progredi
912 1470 973 1509 non

89 1534 133 1585 est
156 1546 248 1585 ausus
271 1546 398 1604 suosque
418 1527 483 1606 jam
509 1526 693 1587 incurrentes
715 1528 792 1588 tuba
811 1530 971 1590 revocavit
988 1528 1027 1589 10

88 1604 158 1665 Hoc
178 1626 274 1684 usque
295 1626 329 1665 eo
349 1614 413 1665 tota
431 1604 560 1666 Graecia
577 1607 660 1666 tama
673 1606 857 1668 celebratum
871 1619 923 1682 est,
938 1619 973 1670 ut

87 1684 141 1745 illo
162 1694 245 1746 statu
265 1685 413 1746 Chabrias
434 1686 490 1746 sibi
511 1695 643 1746 statuam
663 1687 729 1747 fieri
742 1687 881 1761 voluerit,
895 1709 973 1766 quae

14 1780 19 1797 '
86 1765 209 1844 publice
230 1767 258 1825 ei
278 1766 317 1825 ab
338 1765 574 1826 Atheniensibus
595 1766 626 1825 in
647 1766 712 1827 foro
733 1767 896 1827 constituta
919 1777 971 1828 est.

86 1845 138 1906 Ex
152 1867 213 1926 quo
227 1847 342 1906 factum
357 1855 409 1919 est,
424 1855 459 1906 ut
473 1856 575 1925 postea
589 1847 721 1907 athletae
735 1847 883 1926 ceterique
902 1848 972 1906 arti-

85 1926 155 1987 fices
169 1927 217 1986 his
231 1926 358 1987 statibus
369 1927 401 1985 in
416 1927 522 1987 statuis
532 1927 678 2007 ponendis
688 1935 852 2001 uterentur,
864 1926 972 2006 quibus
987 1926 1025 1986 15

86 2008 246 2068 victoriam
261 2016 357 2067 essent
371 2006 481 2086 adepti.

125 2087 169 2148 Π.
192 2087 340 2150 Chabrias
360 2097 462 2148 autem
482 2085 580 2146 multa
594 2086 626 2146 in
641 2085 766 2165 Europa
778 2085 860 2147 bella
878 2086 971 2147 admi·

85 2169 237 2242 nistravit,
252 2189 321 2228 cum
338 2168 404 2227 dux
417 2167 649 2227 Atheniensium
671 2175 746 2226 esset
755 2189 762 2239 ;
783 2167 815 2226 in
830 2167 971 2247 Aegypto

83 2269 138 2310 sua
159 2258 267 2328 sponte
286 2249 384 2327 gessit.
425 2247 507 2308 Nam
528 2246 720 2307 Nectanabin
743 2247 881 2326 adjutum
905 2269 972 2328 pro·

83 2328 189 2402 fectus,
205 2349 332 2407 regnum
346 2329 373 2388 ei
388 2328 551 2389 constituit.
592 2327 679 2387 Fecit
699 2327 778 2388 idem
799 2328 902 2408 Cypri,
919 2329 970 2389 sed
985 2329 1024 2389 20

82 2410 207 2489 publice
228 2409 267 2468 ab
288 2408 524 2469 Atheniensibus
545 2408 706 2487 Euagorae
724 2409 845 2488 adjutor
864 2409 970 2481 datus;

83 2510 181 2569 neque
195 2490 280 2568 prius
294 2490 364 2549 inde
378 2489 520 2563 discessit,
532 2510 623 2568 quam
637 2497 732 2549 totam
746 2488 876 2548 insulam
890 2488 970 2549 bello

82 2570 273 2632 devinceret:
295 2590 355 2648 qua
369 2589 408 2629 ex
422 2590 454 2629 re
468 2568 668 2629 Athenienses
686 2589 828 2647 magnam
842 2569 971 2647 gloriam

82 2660 155 2710 sunt
182 2650 294 2728 adepti.
343 2649 470 2709 Interim
498 2649 614 2710 bellum
642 2649 720 2709 inter
746 2648 913 2727 Aegyptios
941 2658 971 2709 et

83 2729 191 2791 Persas
213 2730 376 2790 conflatum
397 2739 449 2791 est.
490 2729 689 2789 Athenienses
711 2749 779 2789 cum
796 2728 970 2789 Artaxerxe
984 2729 1024 2790 25

82 2811 257 2871 societatem
271 2810 425 2870 habebant
434 2831 441 2883 ;
463 2809 696 2870 Lacedaemonii
717 2830 786 2869 cum
800 2807 969 2889 Aegyptiis,

14 2890 16 2893 ’
82 2910 101 2949 a
115 2890 228 2970 quibus
241 2910 366 2969 magnas
379 2891 506 3030 praedas
516 2889 685 2968 Agesilaus,
697 2910 751 2949 rex
762 2909 873 2962 eorum,
882 2890 971 2951 facie·

83 2968 145 3031 bat.
188 2969 226 3029 Id
245 2972 365 3029 intuens
405 2970 535 3042 habrias‚
550 2990 620 3029 cum
634 2970 666 3028 in
681 2990 713 3029 re
726 2969 813 3028 nulla
827 2968 970 3047 Agesilao

83 3051 212 3121 cederet,
226 3069 281 3109 sua
301 3059 406 3128 sponte
420 3070 469 3111 eos
483 3046 621 3128 adjutum
635 3049 786 3128 profectus
799 3047 971 3130 Aegyptiae

84 3131 172 3191 classi
187 3128 328 3209 praefuit,
343 3129 530 3207 pedestribus
544 3129 637 3205 copiis
650 3128 819 3206 Agesilaus.
985 3125 1024 3186 30
1064 3170 1068 3179 ,-

124 3210 186 3270 ΙΙΙ.
208 3209 287 3268 Tum
306 3209 449 3289 praefecti
470 3208 548 3286 regis
568 3207 677 3267 Persae
694 3208 807 3285 legatos
825 3208 971 3267 miserunt

85 3287 224 3351 Athenas
245 3298 392 3367 questum,
414 3288 495 3367 quod
515 3285 662 3346 Chabrias
686 3287 846 3344 adversum
870 3304 970 3362 regem

85 3368 201 3431 bellum
225 3377 342 3448 gereret
365 3388 434 3427 cum
458 3364 627 3443 Aegyptiis.
669 3362 867 3422 Athenienses
891 3363 971 3418 diem
