2346 3704
143 103 186 167 32
419 121 633 168 corruam
661 120 858 170 rurorrs.

194 296 257 337 esse
277 275 438 356 perlatum,
458 278 546 357 petiit
567 297 587 337 a
608 276 817 352 Pharnabazo,
830 288 867 338 ut
888 278 929 339 ad
951 279 1088 358 ephoros
1165 280 1166 295 *

194 356 253 416 sibi
279 358 483 418 testimonium
511 358 605 431 daret,
633 368 748 436 quanta
774 360 936 419 sanctitate
962 359 1086 420 bellum
1165 356 1166 381 ³

195 437 330 515 gessisset
350 437 503 517 sociosque
524 446 688 511 tractasset,
711 439 808 518 deque
828 459 864 499 ea
885 459 917 499 re
938 450 1108 510 accurate¹

194 516 354 577 scriberet:
375 537 517 595 magnam
538 518 620 577 enim
640 518 703 597 ejus
724 519 936 579 auctoritatem
950 518 983 578 in
998 539 1035 579 ea
1049 541 1086 579 re

162 595 340 658 5futuram.
381 595 465 657 Huic
489 597 542 657 ille
566 597 734 657 liberaliter
757 598 936 676 pollicetur;
964 597 1083 659 librum

193 677 340 755 grandem
353 677 458 737 multis
471 678 571 738 verbis
585 677 769 756 conscripsit,
784 678 816 736 in
831 679 940 758 quibus
953 680 1084 740 summis

194 776 264 816 eum
275 756 333 816 fert
343 756 492 817 laudibus.
534 758 635 833 Quem
646 778 716 817 cum
727 758 846 836 legisset
855 759 1082 839 probassetque,
1165 800 1166 813 2

192 836 268 897 dum
281 836 426 916 signatur,
436 837 565 897 alterum
575 837 642 916 pari
651 838 869 916 magnitudine,
878 847 965 899 tanta
975 839 1084 899 simili-

193 917 299 976 tudine
319 925 354 977 ut
373 917 502 977 discerni
522 938 582 977 non
603 927 710 995 posset,
724 918 877 996 signatum
895 916 1032 998 subjecit,
1046 919 1082 978 in

141 996 181 1059 10
194 1017 253 1075 quo
268 997 489 1058 accuratissime
503 998 566 1077 ejus
580 998 742 1059 avaritiam
756 998 974 1078 perfidiamque
992 1020 1082 1060 accu-

193 1086 283 1138 sarat.
324 1076 408 1139 Hinc
432 1077 591 1157 Lysander
612 1078 736 1137 domum
757 1099 827 1138 cum
847 1078 979 1152 redisset,
1000 1089 1083 1158 post-
1165 1142 1166 1151 ἶ

193 1177 285 1235 quam
299 1158 337 1216 de
349 1159 410 1217 suis
423 1157 512 1217 rebus
528 1158 618 1237 gestis
638 1157 721 1236 apud
737 1159 908 1217 maximum
921 1159 1082 1238 magistra·

193 1245 268 1310 tum,
283 1256 360 1314 quae
373 1237 521 1310 voluerat,
542 1238 671 1310 dixerat,
692 1238 857 1297 testimonii
877 1238 943 1298 loco
963 1238 1083 1300 librum

193 1336 213 1375 a
226 1315 424 1376 Pharnabazo
437 1316 544 1376 datum
558 1317 693 1377 tradidit.
735 1316 840 1390 Hunc,
853 1327 1005 1379 summoto
1018 1319 1083 1399 Ly-

139 1394 180 1456 15
192 1395 312 1468 sandro,
332 1416 401 1455 cum
421 1397 526 1474 ephori
547 1405 731 1476 cognossent,
744 1397 802 1476 ipsi
816 1397 977 1476 legendum
992 1398 1083 1460 dede·
1165 1396 1166 1407 ¹

192 1484 274 1537 runt
315 1473 365 1537 Ita
378 1476 432 1538 ille
445 1476 620 1557 imprudens
634 1478 698 1557 ipse
709 1496 784 1539 suus
796 1476 858 1538 fuit
870 1485 1038 1540 accusator.

378 1963 483 2037 VII.
512 1960 890 2036 ALCIBIADES.

530 2108 744 2150 —oolroeoo—

231 2195 493 2272 LALcmmnrss,
521 2198 639 2260 Cliniae
665 2199 755 2274 filius,
782 2198 985 2263 Atheniensis.
1038 2200 1079 2263 In

190 2279 250 2341 hoo
275 2289 396 2354 natura,
422 2279 497 2359 quid
524 2280 639 2339 efficere
665 2280 766 2358 possit,
792 2281 915 2342 videtur
941 2292 1076 2361 experta

192 2361 318 2421 Constat
331 2360 411 2420 enim
425 2359 503 2420 inter
516 2379 627 2432 omnes,
641 2359 694 2439 qui
714 2359 752 2419 de
772 2381 807 2421 eo
827 2361 990 2422 memoriae
1009 2382 1077 2441 prc-

139 2441 343 2513 aediderunt,
364 2439 442 2500 nihil
462 2439 517 2500 illo
537 2439 628 2499 fuisse
648 2439 844 2500 excellentius
864 2441 914 2502 vel
938 2441 970 2500 in
992 2443 1076 2503 vitiis

192 2521 242 2582 vel
270 2521 302 2580 in
329 2519 502 2581 virtutibus.
544 2518 644 2579 Natus
671 2519 703 2578 in
731 2518 916 2599 amplissima
943 2521 1074 2595 civitate,
1165 2530 1166 2555 ³

192 2621 309 2661 summo
322 2620 439 2680 genere,
453 2600 589 2661 omnium
609 2600 716 2660 aetatis
732 2619 804 2659 suae
817 2600 914 2660 multo
928 2600 1075 2662 formosis·

192 2682 342 2753 simus,ad
357 2700 459 2740 omnes
473 2700 519 2740 res
532 2688 622 2758 aptus
636 2679 811 2759 consiliique
824 2680 940 2759 plenus.
982 2680 1075 2741 Nam·
1165 2712 1166 2715 ¹

193 2782 251 2840 que
265 2761 428 2840 imperator
441 2760 500 2820 fuit
513 2780 647 2821 summus
658 2769 688 2820 et
698 2761 776 2820 mari
786 2769 817 2820 et
825 2770 924 2833 terra;
938 2760 1073 2835 disertus,

139 2843 178 2904 25
192 2851 227 2902 ut
248 2841 281 2900 in
302 2841 407 2920 primis
429 2840 555 2901 dicendo
569 2840 693 2913 valeret,
707 2839 789 2919 quod
808 2848 895 2901 tanta
914 2850 980 2901 erat
999 2862 1074 2902 com-
1165 2900 1166 2905 ,

192 2921 345 2982 mendatio
367 2920 427 2981 oris
449 2929 539 2999 atque
561 2920 712 2993 orationis,
735 2928 770 2980 ut
791 2941 879 2983 nemo
900 2920 928 2982 ei
949 2921 1073 2983 dicendo
1165 2932 1166 2991 l

191 3010 291 3081 posset
311 3000 461 3072 resistere3
482 3001 582 3071 dives;
603 3020 672 3060 cum
692 3009 812 3079 tempus
831 3009 974 3081 posceret,
995 3001 1074 3062 labo
1165 3022 1166 3067 t

192 3082 296 3153 riosus,
320 3080 447 3158 patiens,
471 3078 614 3152 liberalis,
638 3080 814 3158 splendidus
838 3101 899 3141 non
923 3081 1024 3142 minus
1042 3082 1074 3141 in

193 3160 258 3220 vita
272 3179 363 3237 quam
373 3159 475 3230 viotu3
488 3157 627 3231 affabilis,
640 3157 780 3231 blandus,
794 3160 980 3239 temporibus
994 3161 1074 3222 calli-

139 3236 180 3297 30
193 3238 313 3297 dissime
340 3237 511 3298 inserviens.
553 3235 648 3310 Idem,
672 3238 763 3297 simul
791 3259 827 3299 ac
854 3261 885 3300 se
911 3241 1075 3316 remiserat,
1165 3282 1166 3305 2

192 3334 290 3397 neque
304 3334 395 3377 eausa
407 3314 538 3390 suberat,
552 3336 645 3396 quare
665 3317 760 3378 animi
772 3316 908 3380 laborem
921 3311 1074 3402 perferret,
