2346 3704
363 713 394 787 Ι.
434 708 809 786 MILTIADES.

482 894 697 939 -ἢθὲθῆθθ-

185 1052 211 1116 Ι.
231 1054 432 1129 Mmrnnne,
446 1050 580 1116 Cimonis
595 1053 685 1130 filius,
698 1051 902 1129 Atheniensis,
918 1072 987 1115 cum
1001 1060 1032 1115 et

143 1136 328 1216 antiquitate
341 1136 458 1215 generis
466 1143 496 1195 et
506 1135 604 1214 gloria
614 1136 763 1216 majorum
774 1144 805 1197 et
817 1156 873 1196 sua
886 1134 1033 1194 modestia

143 1235 224 1276 unus
237 1216 374 1277 omnium
388 1214 522 1275 maxime
535 1215 655 1276 floreret
669 1236 764 1294 eaque
780 1225 855 1276 esset
875 1223 983 1287 aetate,
998 1222 1033 1274 ut

144 1315 207 1357 non
223 1296 289 1376 jam
310 1294 408 1356 solum
425 1295 463 1355 de
481 1315 516 1355 eo
531 1294 608 1354 bene
628 1316 757 1375 sperare,
771 1295 823 1356 sed
837 1295 929 1356 etiam
944 1293 1032 1355 confi-

145 1374 217 1435 dere
238 1375 319 1436 cives
339 1383 458 1454 possent
478 1375 534 1448 sui,
548 1374 641 1435 talem
659 1396 728 1436 eum
749 1375 897 1449 futurum,
931 1375 1033 1435 nalem
1066 1372 1086 1433 5

146 1455 302 1534 cognitum
308 1455 502 1594 pudicarum:
517 1454 636 1527 accidit,
647 1464 683 1516 ut
696 1454 895 1516 Athenienses
957 1475 1034 1515 erso-

146 1554 253 1595 nesum
273 1556 308 1595 oo
321 1555 393 1595 onos
408 1533 524 1596 vellent
544 1534 671 1596 mittere.
712 1534 806 1615 Cujus
825 1535 942 1615 generis
963 1554 1033 1595 cum

147 1634 275 1695 magnus
296 1634 438 1675 numerus
458 1622 541 1688 esset,
563 1614 703 1677 etmulti
723 1617 786 1676 e'us
807 1614 1033 1694 demigrationis

148 1704 284 1774 peterent
304 1695 484 1767 societatem,
499 1694 599 1755 ex'his
613 1695 721 1756 delecti
767 1695 871 1774 elphos
888 1694 1033 1755 delibera-

149 1784 215 1835 tum
235 1774 318 1836 missi
338 1784 419 1848 suut,
431 1775 484 1854 qui
505 1775 694 1837 consulerent
707 1775 893 1855 Apollinem,
909 1795 968 1853 quo
983 1793 1033 1854 po·
1047 1772 1087 1834 10

149 1855 297 1916 tissimum
311 1855 387 1915 duce
400 1863 564 1916 uterentur.
605 1855 747 1935 Namque
760 1865 825 1916 tum
840 1855 971 1915 Thraces
984 1874 1034 1914 eas

76 1944 80 1949 '
149 1935 283 2015 regiones
304 1935 454 2009 tenebant,
474 1955 542 1995 cum
563 1937 673 2015 quibus
693 1935 785 1995 armis
805 1944 871 1995 erat
890 1933 1035 1994 dimican-

149 2015 232 2076 dum.
272 2015 332 2075 His
360 2015 584 2076 consulentibus
610 2015 791 2076 nominatim
814 2013 927 2095 Pythia
950 2034 1034 2093 prae·

150 2096 238 2174 cepit,
252 2105 288 2156 ut
307 2095 480 2156 Miltiadem
500 2096 713 2175 imperatorem
733 2095 791 2156 sibi
810 2102 981 2156 sumerent:
1001 2094 1034 2154 id

149 2176 174 2237 si
198 2175 344 2249 fecissent,
364 2176 485 2254 incepta
505 2196 648 2255 prospera
672 2177 784 2237 futura.
825 2175 895 2236 Hoc
919 2174 1034 2236 oraculi
1048 2173 1088 2234 15

149 2275 289 2335 responso
303 2252 460 2317 Miltiades
479 2276 549 2317 cum
565 2256 683 2317 delecta
696 2277 789 2317 manu
804 2255 897 2317 classe
911 2255 1034 2316 Cherso-

148 2356 254 2396 nesum
268 2335 419 2415 profectus
433 2357 502 2396 cum
517 2338 685 2398 accessisset
701 2337 862 2410 Lemnum,
877 2345 907 2397 et
920 2335 1035 2396 incolas

149 2417 213 2496 ejus
233 2415 349 2477 insulae
368 2415 424 2477 sub
444 2426 623 2496 potestatem
644 2418 779 2497 redigere
796 2417 890 2479 vellet
907 2415 1035 2476 Atheni·

149 2496 275 2569 ensium,
295 2496 387 2576 idque
411 2496 531 2556 Lemnii
558 2518 613 2558 sua
639 2507 746 2577 sponte
771 2496 914 2570 facerent,
935 2505 1035 2575 postu-

150 2575 256 2649 lasset3
270 2575 317 2635 illi
327 2576 484 2637 irridentes
495 2577 722 2656 responderunt,
732 2585 799 2638 tum
809 2577 841 2637 id
852 2597 883 2636 se
893 2576 1034 2648 facturos,
1048 2575 1089 2636 20

149 2676 218 2717 cum
234 2656 296 2730 ille,
310 2656 399 2717 domo
420 2656 550 2719 navibus
570 2658 767 2736 proficiscens,
781 2664 873 2719 vento
894 2656 1035 2736 aquilone

149 2736 279 2799 venisset
305 2735 465 2797 Lemnum.
507 2736 570 2797 Hic
597 2738 677 2797 enim
705 2746 823 2811 ventus,
844 2737 884 2797 ab
910 2745 1035 2816 septem-

149 2815 297 2877 trionibus
325 2817 432 2891 oriens,
456 2816 617 2878 adversum
644 2827 726 2878 tenet
751 2817 881 2878 Athenis
904 2816 1036 2897 proficis-

150 2897 294 2957 centibus.
336 2896 492 2958 Miltiades
518 2897 658 2957 morandi
685 2907 804 2977 tempus
831 2917 893 2957 non
920 2897 1035 2957 habens

150 2997 272 3038 cursum
293 2976 414 3052 direxit,
435 2997 495 3056 quo
522 2977 675 3051 tendebat,
695 2978 893 3058 pervenitque
912 2977 1036 3037 Cherso-
1050 2975 1089 3036 25
1167 2962 1168 2967 ἵ

148 3077 304 3197 neppam
317 3135 404 3198 brevi
421 3145 556 3216 tempore
575 3136 775 3199 barbarorum
789 3137 882 3216 copiis
896 3134 1035 3214 disjectis,

149 3225 215 3279 tota
239 3217 369 3297 regione,
391 3237 483 3295 quam
507 3218 644 3296 petierat,
665 3217 789 3296 potitus,
812 3217 881 3276 loca
905 3213 1036 3273 castellis

149 3297 259 3357 idonea
293 3297 500 3368 communivit,
535 3297 771 3367 multitudinem,
806 3311 898 3370 quam
935 3310 1036 3348 secum

150 3377 291 3450 duxerat,
305 3377 338 3436 in
352 3377 433 3456 agris
446 3375 609 3436 collocavit
621 3373 793 3450 crebrisque
809 3366 1037 3489 excursippibus
1050 3365 1090 3422 30
