2346 3704
123 126 166 189 24
401 140 613 190 coaunnrr
642 140 837 189 aurorrs.

177 307 222 360 est
243 298 396 373 Aristidis,
420 306 455 359 ut
479 317 581 359 omues
604 297 667 358 fere
690 296 998 359 civitatesGraeeiaa
1021 297 1064 360 ad

177 378 411 439 Atheniensium
428 378 600 439 societatem
620 399 652 438 se
671 378 860 457 applicarent
874 387 904 439 et
917 379 1064 441 adversus

179 459 322 520 barbaros
336 459 389 520 hos
403 459 494 519 duces
507 457 673 537 deligerent
685 458 752 518 sibi.

219 539 279 600 ΙΙΙ.
301 540 386 616 Quos
400 559 460 618 quo
473 537 594 599 facilius
614 538 802 616 repellerent,
815 538 840 598 si
854 537 932 598 forte
945 537 1064 599 bellum

145 618 165 678 5
179 640 323 681 renovare
336 628 526 691 conarentur,
539 618 580 678 ad
600 617 708 677 classes
728 617 930 679 aedificandas
949 619 1064 679 exerci-

179 708 286 779 tusque
313 699 530 778 comparandos
564 706 713 776 quantum
745 698 891 777 pecuniae
925 719 1063 778 quaeque

179 780 286 842 civitas
300 780 394 851 daret,
408 778 558 839 Aristides
578 777 711 838 delectus
725 787 778 850 est,
792 778 845 856 qui
858 779 1062 853 constitueret,

179 861 301 939 ejusque
328 859 453 919 arbitrio
480 858 689 996 quadrinqeua
715 867 746 918 et
771 878 922 937 sexagena
945 859 1063 920 talenta

180 940 340 1020 quotannis
358 939 472 999 Delum
492 947 563 999 sunt
583 959 617 999 co
631 938 703 998 lata
744 937 783 998 Id
802 939 882 999 enim
903 960 1064 1001 commune

127 1017 166 1077 10
179 1020 329 1080 aerarium
343 1040 404 1080 csse
417 1019 587 1081 voluerunt.
631 1018 720 1095 Quae
737 1019 833 1080 omnis
852 1020 981 1098 pecunia
996 1039 1064 1098 pos-

179 1109 242 1160 tero
256 1109 390 1180 tempore
403 1097 541 1160 Athenae
555 1099 704 1159 translata
720 1108 772 1159 est.
813 1099 876 1160 Hic
893 1120 953 1179 qua
968 1099 1065 1161 fuerit

179 1180 370 1252 abstinentia,
381 1180 502 1239 nullum
516 1189 560 1239 est
573 1179 684 1240 certius
697 1180 853 1253 indicium,
864 1200 956 1259 quam
970 1181 1063 1259 quod,

179 1280 248 1319 cum
262 1260 355 1321 tantis
371 1259 460 1319 rebus
473 1259 665 1338 praefuisset,
673 1258 705 1318 in
719 1268 807 1320 tauta
819 1270 1000 1339 paupertate
1013 1262 1065 1321 de·

179 1340 273 1412 cessit,
286 1348 330 1413 ut,
344 1338 397 1419 qui
411 1339 574 1413 efferrem,
587 1339 643 1400 vix
656 1339 819 1417 reliquerit
861 1340 932 1416 Quo
945 1340 1064 1401 factum

126 1416 165 1477 15
179 1428 231 1492 est,
248 1428 283 1480 ut
302 1419 384 1479 filiae
403 1419 467 1498 ejus
486 1417 609 1498 publice
628 1418 781 1479 alerentur
800 1416 832 1479 et
851 1420 889 1480 de
909 1422 1064 1482 communi

178 1500 295 1560 aerario
308 1498 428 1559 dotibus
442 1498 521 1559 datis
534 1498 763 1559 collocarentur.
805 1498 941 1560 Decessit
958 1510 1064 1561 autem
1168 1532 1171 1542 ⁴

178 1578 240 1638 fere
253 1587 321 1657 post
340 1598 455 1638 aunum
468 1587 620 1658 quartum,
634 1599 726 1657 quam
740 1577 954 1641 Themistocles
967 1580 1065 1642 Athe

176 1658 224 1719 uis
237 1667 302 1720 erat
315 1658 467 1739 expulsus.

388 2083 463 2158 IV.
500 2084 852 2160 PAUSANIAS.

511 2247 726 2290 ——oossozoo—

215 2367 241 2430 1.
262 2366 459 2441 Paussmss,
472 2367 740 2445 Iacedaemouius,
753 2392 881 2452 magnus
894 2372 993 2449 homo,
1007 2375 1063 2438 sed

123 2456 163 2518 20
175 2449 278 2511 varius
292 2449 324 2507 in
338 2448 420 2508 omni
434 2468 543 2527 genere
553 2449 636 2510 vitae
648 2450 716 2511 fuit.
757 2451 839 2512 Nam
850 2464 885 2514 ut
895 2455 1061 2518 virtutibus
1169 2452 1170 2459 ¹

175 2529 281 2603 eluxit,
295 2529 338 2588 sic
356 2527 438 2588 vitiis
459 2537 504 2588 est
523 2528 657 2590 obrutus.
698 2530 802 2593 Hu‘us
822 2532 1061 2598 illustrissimum

175 2619 219 2670 est
246 2608 394 2688 proelium
422 2609 505 2687 apud
533 2608 683 2672 Plataeas.
764 2634 873 2692 amque
900 2615 955 2675 illo
982 2617 1060 2678 duce

175 2689 362 2765 Mardonius,
389 2697 523 2767 satrapes
551 2691 659 2769 regius,
685 2692 807 2753 natione
835 2693 953 2768 Medus,
980 2698 1058 2776 regis
1169 2714 1170 2739 l

174 2789 273 2848 gener,
288 2769 319 2827 in
333 2767 439 2847 primis
452 2769 588 2829 omnium
602 2770 763 2832 Persarum
778 2782 808 2833 et
822 2795 915 2835 mauu
929 2776 1014 2837 fortis
1027 2786 1058 2838 et

121 2853 160 2913 25
175 2848 292 2909 consilii
302 2847 422 2987 plenus,
436 2868 507 2908 cum
523 2850 660 2912 ducentis
680 2853 804 2913 milibus
823 2855 970 2933 peditum,
979 2877 1057 2997 quos

173 2929 288 2990 viritim
315 2937 426 3007 egerat,
440 2937 470 2990 ct
483 2929 593 3008 viginti
614 2932 737 2995 milibus
757 2934 903 3014 equitum,
916 2925 978 2997 hau

173 3029 285 3086 magna
304 3028 397 3067 manu
418 3006 564 3068 Graeciae
584 3010 707 3089 fugatus
727 3023 780 3086 est,
794 3034 888 3094 coque
908 3017 972 3097 ipse
991 3017 1057 3078 dux
1115 3074 1125 3083 e

173 3087 281 3147 cecidit
293 3087 416 3166 proelio.
458 3087 531 3164 Qua
540 3090 669 3151 victoria
681 3092 779 3154 elatus
810 3094 1056 3159 lurimamiscere
1081 3108 1111 3123 '⁹

1013 2937 1116 3015 ia„
1168 2970 1169 2975 κ

173 3167 271 3245 coepit
292 3177 322 3226 et
344 3169 459 3244 majora
480 3170 696 3247 concupiscere.
814 3175 947 3253 primum
967 3179 1000 3237 in
1020 3198 1055 3238 eo
1168 3178 1169 3247 ξ

119 3243 158 3305 30
172 3255 216 3304 ost
236 3246 440 3324 reprehensus,
459 3248 540 3325 quod
564 3269 603 3307 ex
626 3252 739 3329 praeda
759 3254 908 3332 tripodem
928 3276 1055 3318 aureum
1142 3311 1147 3319 .
1168 3316 1169 3337 ,

172 3322 300 3401 Delphis
316 3325 472 3401 posuisset,
486 3328 703 3406 epigrammate
722 3334 843 3412 scripto,
857 3334 887 3393 in
909 3356 969 3415 quo
989 3345 1056 3399 erat
