2346 3704
465 145 608 192 cruor.
677 154 689 181 ··
739 150 744 155 ·
990 133 1031 197 29

81 319 141 362 uno
152 321 312 361 concursu
322 301 494 380 prostravit.
530 299 978 381 Quavictoriamaguapraeda

80 382 197 472 potitus
208 402 286 441 cum
298 382 423 440 domum
434 389 640 453 reverteretur,
651 380 731 460 quod
738 382 802 460 jam
814 383 977 443 nonnullae

80 462 201 520 msulae
216 470 350 540 propter
363 459 557 520 acerbitatem
572 461 690 539 imperii
709 461 888 535 defecerant,
903 462 977 524 bene

79 541 239 601 animatas
268 540 467 613 confirmavit,
492 540 639 600 alienatas
663 539 702 600 ad
726 541 856 600 officium
881 543 977 604 redire

80 621 190 699 coegit.
237 620 380 699 Scyrum,
395 640 486 698 quam
507 639 541 680 eo
562 629 696 698 tempore
716 619 849 699 Dolopes
869 622 976 683 incole
1011 623 1030 682 5

79 698 166 773 bant,
182 700 273 779 quod
289 701 494 760 contumacius
513 719 544 759 se
560 708 720 778 gesserant,
734 701 908 775 vacuefecit,
922 723 977 762 ses·

79 800 162 840 sores
187 789 313 842 veteres
336 779 411 839 urbe
438 778 597 858 insulaque
623 780 719 858 ejecit,
746 800 833 859 agros
860 782 977 842 civibus

79 860 198 922 divisit.
245 860 372 920 Thasios
390 859 546 938 opulentia
558 858 651 919 fretos
664 880 717 919 suo
731 861 864 921 adventu
878 861 976 940 fregit

80 939 142 1000 His
164 961 209 1001 ex
232 939 387 1000 manubiis
407 960 465 1000 arx
478 938 680 1015 Athenarum,
694 961 756 1019 qua
768 941 808 1001 ad
821 941 977 1001 meridiem

78 1040 135 1082 ver
157 1020 195 1094 it,
211 1029 261 1081 est
274 1029 389 1080 ornata.
409 1048 442 1093 ιγ
954 1068 962 1073 -
992 1023 1029 1083 10

121 1099 140 1159 Ι
181 1147 188 1161 .
215 1099 339 1177 Quibus
359 1100 448 1160 rebus
468 1120 537 1161 cum
557 1121 636 1160 unus
653 1099 687 1159 in
705 1100 828 1162 civitate
846 1101 978 1160 maxime

81 1180 223 1254 floreret,
234 1180 342 1240 incidit
355 1181 388 1239 in
401 1181 527 1241 eandem
541 1180 698 1253 invidiam,
709 1202 800 1260 quam
809 1189 897 1260 pater
906 1201 977 1241 suus

82 1261 246 1340 ceterique
266 1259 498 1321 Atheniensium
526 1261 683 1341 principes.
725 1261 806 1321 Nam
832 1270 976 1321 testarum

83 1341 254 1421 suffragiis,
268 1340 349 1419 quod
369 1341 417 1400 illi
436 1342 642 1402 ostracismum
663 1351 781 1414 vocant,
802 1342 904 1402 decem
925 1358 976 1401 an-

83 1441 202 1481 norum
232 1421 338 1481 exsilio
366 1421 513 1482 multatus
540 1431 592 1482 est.
633 1421 726 1501 Cujus
754 1421 826 1482 facti
853 1422 977 1482 celerius
991 1423 1030 1483 15

85 1500 296 1562 Athenienses
316 1522 407 1580 quam
429 1501 526 1580 ipsum
548 1503 704 1580 poenituit.
746 1501 827 1562 Nam
841 1523 909 1562 cum
924 1501 977 1562 ille

85 1583 195 1642 animo
211 1581 284 1642 forti
298 1581 430 1642 invidiae
444 1582 632 1660 ingratorum
643 1582 755 1643 civium
767 1583 906 1655 cessisset,
916 1581 977 1642 bel·

86 1661 219 1742 lumque
229 1662 463 1723 Lacedaemonii
470 1661 705 1722 Atheniensibus
715 1662 901 1734 indixissent,
910 1682 977 1722 con·

87 1742 192 1805 testim
209 1751 299 1803 notae
307 1743 376 1822 ejus
389 1743 511 1805 virtutis
525 1742 704 1802 desiderium
719 1750 911 1802 consecutum
925 1750 977 1802 est.

88 1822 204 1903 ltaque
216 1831 286 1902 post
306 1843 421 1883 annum
435 1822 575 1901 quintum
589 1843 680 1901 quam
690 1820 837 1900 expulsus
858 1829 931 1893 erat,
945 1821 977 1880 in
991 1822 1031 1882 20

88 1905 226 1982 patriam
242 1912 399 1964 revocatus
417 1912 469 1964 est.
510 1902 578 1975 Ille,
592 1901 673 1982 quod
686 1901 815 1980 hospitio
829 1901 978 1961 Lacedae·

89 1986 266 2045 moniorum
293 1984 444 2056 utebatur,
471 1983 565 2044 satius
592 1982 767 2045 existimans
801 1980 978 2041 contendere

90 2063 364 2136 Lacedaemonem,
378 2082 440 2124 sua·
451 2072 557 2141 sponte
577 2070 622 2123 est
641 2061 802 2140 profectus,
814 2081 978 2140 pacemque

91 2144 173 2206 inter
187 2145 264 2206 duas
277 2144 497 2223 potentissimas
517 2142 654 2204 civitates
674 2140 855 2204 conciliavit.
897 2139 977 2214 Post,
1086 2214 1088 2217 Υ

90 2245 191 2304 neque
204 2225 249 2284 ita
262 2224 369 2297 multo,
384 2223 519 2303 Cyprum
531 2243 602 2307 cum
622 2222 757 2283 ducentis
777 2222 905 2283 navibus
925 2222 978 2282 im·
992 2222 1031 2283 25

90 2315 217 2384 perator
230 2306 346 2377 missus,
357 2323 426 2364 cum
441 2304 504 2382 ejus
518 2304 661 2396 majorem
672 2310 790 2382 partem
801 2303 917 2364 insulae
930 2302 979 2362 de

91 2387 223 2457 vicisset,
241 2384 273 2444 iu
296 2384 436 2446 morbum
459 2382 624 2463 implicitus
648 2384 680 2444 in
704 2383 815 2462 oppido
835 2382 914 2445 Citio
935 2391 979 2444 est

90 2474 240 2525 mortuus.

134 2544 192 2605 IV.
208 2543 304 2606 Hunc
310 2542 508 2605 Athenienses
517 2543 682 2607 noneolum
692 2542 979 2617 inbello,sedetiam

91 2625 213 2703 inpace
224 2625 277 2685 diu
286 2624 540 2686 desideraverunt.
582 2624 656 2685 Fuit
667 2625 747 2687 euim
756 2632 841 2685 tauta
850 2622 979 2685 liberali·
994 2622 1032 2684 30

91 2715 166 2778 tate,
180 2725 251 2766 cum
266 2703 472 2782 compluribus
485 2704 558 2766 locis
572 2703 696 2783 praedia
710 2704 870 2782 hortosque
890 2703 979 2765 habe

92 2794 149 2858 ret,
164 2794 200 2844 ut
213 2804 381 2863 numquam
395 2784 427 2844 in
441 2784 483 2843 eis
497 2784 650 2846 custodem
669 2784 844 2863 imposuerit
864 2784 979 2844 fructus
1066 2857 1069 2866 Ι

92 2864 237 2926 servandi
251 2864 359 2942 gratia,
373 2884 411 2923 ne
425 2864 492 2942 quis
506 2864 711 2942 impediretur,
725 2884 784 2943 quo
799 2863 898 2923 minus
917 2864 980 2942 ejus

28 2968 31 2977 ’
93 2944 193 3018 rebue,
204 2944 314 3022 quibus
328 2943 564 3021 quisquamne,
576 2945 733 3007 frueretur:
774 2943 898 3022 Semper
911 2963 979 3004 eum

94 3023 251 3106 pedisequi
272 3044 340 3086 cum
362 3023 492 3087 nummis
512 3032 583 3086 sunt
603 3025 705 3097 secuti,
724 3032 767 3096 ut,
784 3025 809 3085 si
830 3023 896 3101 quis
916 3023 980 3102 opis
994 3021 1033 3082 35

95 3106 158 3184 ejus
179 3103 337 3180 indigeret,
359 3102 483 3167 haberet
503 3104 583 3182 quod
603 3104 706 3166 statim
727 3104 828 3181 daret,
841 3121 880 3163 ne
900 3103 981 3164 diffe·
1003 3116 1007 3124 ·

96 3183 189 3246 reudo
204 3182 358 3246 videretur
371 3202 489 3260 negare.
530 3182 634 3260 Saepe,
650 3203 718 3247 cum
739 3183 871 3260 aliquem
893 3181 981 3240 offen·
1061 3238 1065 3245 ,

95 3284 162 3327 sum
176 3263 301 3324 fortuna
310 3261 427 3323 videret
439 3261 539 3322 minus
553 3261 628 3322 bene
641 3262 793 3329 vestitum,
807 3277 895 3317 suum
909 3259 981 3317 ami-

97 3343 200 3408 culum
215 3339 307 3406 dedit.
324 3337 328 3343 ’
350 3340 495 3422 Quotidie
512 3340 555 3403 sic
572 3358 666 3402 coena
683 3338 712 3400 ei
730 3334 922 3416 coquebatur,
937 3343 980 3408 ut,
