<?xml version="1.0" encoding="UTF-8"?>
<!DOCTYPE html PUBLIC "-//W3C//DTD XHTML 1.0 Transitional//EN"
    "http://www.w3.org/TR/xhtml1/DTD/xhtml1-transitional.dtd">
<html xmlns="http://www.w3.org/1999/xhtml" xml:lang="en" lang="en">
 <head>
  <title>
</title>
<meta http-equiv="Content-Type" content="text/html;charset=utf-8" />
  <meta name='ocr-system' content='tesseract 3.04.00' />
  <meta name='ocr-capabilities' content='ocr_page ocr_carea ocr_par ocr_line ocrx_word'/>
</head>
<body>
  <div class='ocr_page' id='page_1' title='image "./corneliinepotis00stuagoog_0100.png"; bbox 0 0 2288 3698; ppageno 0'>
   <div class='ocr_carea' id='block_1_1' title="bbox 406 117 1022 182">
    <p class='ocr_par' dir='ltr' id='par_1_1' title="bbox 406 117 1022 182">
     <span class='ocr_line' id='line_1_1' title="bbox 406 117 1022 182; baseline 0.003 -2"><span class='ocrx_word' id='word_1_1' title='bbox 406 134 648 182; x_wconf 73' lang='lat' dir='ltr'>Hsurncsn.</span> <span class='ocrx_word' id='word_1_2' title='bbox 905 117 911 128; x_wconf 84' lang='lat'>‘</span> <span class='ocrx_word' id='word_1_3' title='bbox 979 117 1022 182; x_wconf 71' lang='grc'>96</span> 
     </span>
    </p>
   </div>
   <div class='ocr_carea' id='block_1_2' title="bbox 71 286 1022 2051">
    <p class='ocr_par' dir='ltr' id='par_1_2' title="bbox 71 286 1022 2051">
     <span class='ocr_line' id='line_1_2' title="bbox 73 286 969 367; baseline 0 -18"><span class='ocrx_word' id='word_1_4' title='bbox 73 288 170 349; x_wconf 83' lang='lat' dir='ltr'>funus</span> <span class='ocrx_word' id='word_1_5' title='bbox 183 286 273 362; x_wconf 84' lang='lat' dir='ltr'>vidit,</span> <span class='ocrx_word' id='word_1_6' title='bbox 290 309 360 350; x_wconf 89' lang='lat' dir='ltr'>cum</span> <span class='ocrx_word' id='word_1_7' title='bbox 381 310 419 349; x_wconf 87' lang='lat' dir='ltr'>ex</span> <span class='ocrx_word' id='word_1_8' title='bbox 439 289 537 349; x_wconf 91' lang='lat' dir='ltr'>tribus</span> <span class='ocrx_word' id='word_1_9' title='bbox 557 289 703 350; x_wconf 82' lang='lat' dir='ltr'>uxoribus</span> <span class='ocrx_word' id='word_1_10' title='bbox 723 287 833 350; x_wconf 85' lang='lat' dir='ltr'>liberos</span> <span class='ocrx_word' id='word_1_11' title='bbox 852 308 969 367; x_wconf 80' lang='lat' dir='ltr'>procre-</span> 
     </span>
     <span class='ocr_line' id='line_1_3' title="bbox 73 369 1014 449; baseline -0.001 -19"><span class='ocrx_word' id='word_1_12' title='bbox 73 378 164 442; x_wconf 86' lang='lat' dir='ltr'>asset,</span> <span class='ocrx_word' id='word_1_13' title='bbox 178 369 330 448; x_wconf 89' lang='lat' dir='ltr'>multique</span> <span class='ocrx_word' id='word_1_14' title='bbox 344 369 371 429; x_wconf 92' lang='lat' dir='ltr'>ei</span> <span class='ocrx_word' id='word_1_15' title='bbox 384 370 450 429; x_wconf 88' lang='lat' dir='ltr'>nati</span> <span class='ocrx_word' id='word_1_16' title='bbox 463 378 560 429; x_wconf 80' lang='lat' dir='ltr'>essent</span> <span class='ocrx_word' id='word_1_17' title='bbox 572 379 703 449; x_wconf 75' lang='lat' dir='ltr'>nepotes,</span> <span class='ocrx_word' id='word_1_18' title='bbox 789 444 793 447; x_wconf 22' lang='grc' dir='ltr'>Ι</span> <span class='ocrx_word' id='word_1_19' title='bbox 1011 434 1014 441; x_wconf 20' lang='grc' dir='ltr'><strong>Δ</strong></span> 
     </span>
     <span class='ocr_line' id='line_1_4' title="bbox 114 448 968 529; baseline 0.002 -21"><span class='ocrx_word' id='word_1_20' title='bbox 114 448 180 510; x_wconf 90' lang='grc' dir='ltr'><strong>ΙΙΙ.</strong></span> <span class='ocrx_word' id='word_1_21' title='bbox 209 449 350 508; x_wconf 88' lang='lat' dir='ltr'>Fuerunt</span> <span class='ocrx_word' id='word_1_22' title='bbox 373 458 528 528; x_wconf 88' lang='lat' dir='ltr'>praeterea</span> <span class='ocrx_word' id='word_1_23' title='bbox 555 450 658 529; x_wconf 89' lang='lat' dir='ltr'>magni</span> <span class='ocrx_word' id='word_1_24' title='bbox 686 469 769 529; x_wconf 88' lang='lat' dir='ltr'>reges</span> <span class='ocrx_word' id='word_1_25' title='bbox 797 468 836 508; x_wconf 86' lang='lat' dir='ltr'>ex</span> <span class='ocrx_word' id='word_1_26' title='bbox 864 449 968 511; x_wconf 87' lang='lat' dir='ltr'>amicis</span> 
     </span>
     <span class='ocr_line' id='line_1_5' title="bbox 72 527 967 610; baseline 0.002 -22"><span class='ocrx_word' id='word_1_27' title='bbox 72 527 253 590; x_wconf 79' lang='lat' dir='ltr'><strong>Alexandri</strong></span> <span class='ocrx_word' id='word_1_28' title='bbox 267 528 383 610; x_wconf 81' lang='lat' dir='ltr'><strong>Magni,</strong></span> <span class='ocrx_word' id='word_1_29' title='bbox 397 530 450 609; x_wconf 89' lang='lat' dir='ltr'>qui</span> <span class='ocrx_word' id='word_1_30' title='bbox 471 539 539 608; x_wconf 91' lang='lat' dir='ltr'>post</span> <span class='ocrx_word' id='word_1_31' title='bbox 560 530 676 589; x_wconf 90' lang='lat' dir='ltr'>obitum</span> <span class='ocrx_word' id='word_1_32' title='bbox 699 530 762 589; x_wconf 87' lang='lat' dir='ltr'>e&#39;us</span> <span class='ocrx_word' id='word_1_33' title='bbox 783 529 910 609; x_wconf 89' lang='lat' dir='ltr'>imperia</span> <span class='ocrx_word' id='word_1_34' title='bbox 924 551 967 591; x_wconf 82' lang='lat' dir='ltr'>ce</span> 
     </span>
     <span class='ocr_line' id='line_1_6' title="bbox 111 608 1020 688; baseline -0.002 -20"><span class='ocrx_word' id='word_1_35' title='bbox 111 618 207 681; x_wconf 82' lang='lat' dir='ltr'>runt3</span> <span class='ocrx_word' id='word_1_36' title='bbox 228 610 261 668; x_wconf 94' lang='lat' dir='ltr'>in</span> <span class='ocrx_word' id='word_1_37' title='bbox 274 609 321 668; x_wconf 90' lang='lat' dir='ltr'>his</span> <span class='ocrx_word' id='word_1_38' title='bbox 334 609 517 688; x_wconf 88' lang='lat' dir='ltr'>Antigonus,</span> <span class='ocrx_word' id='word_1_39' title='bbox 531 619 561 682; x_wconf 84' lang='lat' dir='ltr'>et</span> <span class='ocrx_word' id='word_1_40' title='bbox 580 609 671 688; x_wconf 90' lang='lat' dir='ltr'>hujus</span> <span class='ocrx_word' id='word_1_41' title='bbox 691 609 772 669; x_wconf 90' lang='lat' dir='ltr'>fiius</span> <span class='ocrx_word' id='word_1_42' title='bbox 786 610 967 684; x_wconf 88' lang='lat' dir='ltr'>Demetrius,</span> <span class='ocrx_word' id='word_1_43' title='bbox 1001 608 1020 666; x_wconf 82' lang='lat'>5</span> 
     </span>
     <span class='ocr_line' id='line_1_7' title="bbox 72 629 968 769; baseline 0.006 -22"><span class='ocrx_word' id='word_1_44' title='bbox 72 629 289 767; x_wconf 57' lang='lat' dir='ltr'>ilysimachus,</span> <span class='ocrx_word' id='word_1_45' title='bbox 304 688 454 762; x_wconf 85' lang='lat' dir='ltr'>Seleucus,</span> <span class='ocrx_word' id='word_1_46' title='bbox 469 688 668 750; x_wconf 81' lang='lat' dir='ltr'>Ptolemaeus</span> <span class='ocrx_word' id='word_1_47' title='bbox 710 689 761 749; x_wconf 85' lang='lat' dir='ltr'>Ex</span> <span class='ocrx_word' id='word_1_48' title='bbox 780 689 827 750; x_wconf 91' lang='lat' dir='ltr'>his</span> <span class='ocrx_word' id='word_1_49' title='bbox 841 689 968 769; x_wconf 85' lang='lat' dir='ltr'>Antigo-</span> 
     </span>
     <span class='ocr_line' id='line_1_8' title="bbox 71 769 968 850; baseline 0.003 -22"><span class='ocrx_word' id='word_1_50' title='bbox 71 788 132 828; x_wconf 87' lang='lat' dir='ltr'>nus</span> <span class='ocrx_word' id='word_1_51' title='bbox 154 769 188 828; x_wconf 91' lang='lat' dir='ltr'>in</span> <span class='ocrx_word' id='word_1_52' title='bbox 210 769 333 848; x_wconf 91' lang='lat' dir='ltr'>proelio,</span> <span class='ocrx_word' id='word_1_53' title='bbox 348 789 417 830; x_wconf 91' lang='lat' dir='ltr'>cum</span> <span class='ocrx_word' id='word_1_54' title='bbox 438 769 582 830; x_wconf 87' lang='lat' dir='ltr'>adversus</span> <span class='ocrx_word' id='word_1_55' title='bbox 602 769 761 831; x_wconf 80' lang='lat' dir='ltr'>Seleucum</span> <span class='ocrx_word' id='word_1_56' title='bbox 782 779 812 830; x_wconf 91' lang='lat' dir='ltr'>et</span> <span class='ocrx_word' id='word_1_57' title='bbox 832 769 968 850; x_wconf 88' lang='lat' dir='ltr'>Lysima-</span> 
     </span>
     <span class='ocr_line' id='line_1_9' title="bbox 72 848 968 922; baseline 0.003 -14"><span class='ocrx_word' id='word_1_58' title='bbox 72 849 169 908; x_wconf 88' lang='lat' dir='ltr'>chum</span> <span class='ocrx_word' id='word_1_59' title='bbox 191 849 359 922; x_wconf 83' lang='lat' dir='ltr'>dimicaret,</span> <span class='ocrx_word' id='word_1_60' title='bbox 373 850 487 910; x_wconf 86' lang='lat' dir='ltr'>occisus</span> <span class='ocrx_word' id='word_1_61' title='bbox 509 857 561 910; x_wconf 86' lang='lat' dir='ltr'>est.</span> <span class='ocrx_word' id='word_1_62' title='bbox 603 848 675 909; x_wconf 90' lang='lat' dir='ltr'>Pari</span> <span class='ocrx_word' id='word_1_63' title='bbox 698 849 758 910; x_wconf 88' lang='lat' dir='ltr'>leto</span> <span class='ocrx_word' id='word_1_64' title='bbox 780 850 903 910; x_wconf 86' lang='lat' dir='ltr'>affectus</span> <span class='ocrx_word' id='word_1_65' title='bbox 923 859 968 911; x_wconf 91' lang='lat' dir='ltr'>est</span> 
     </span>
     <span class='ocr_line' id='line_1_10' title="bbox 72 928 967 1010; baseline 0.004 -23"><span class='ocrx_word' id='word_1_66' title='bbox 72 928 280 1008; x_wconf 87' lang='lat' dir='ltr'>Lysimachus</span> <span class='ocrx_word' id='word_1_67' title='bbox 307 929 347 989; x_wconf 91' lang='lat' dir='ltr'>ab</span> <span class='ocrx_word' id='word_1_68' title='bbox 370 929 503 990; x_wconf 81' lang='lat' dir='ltr'>Seleuco.</span> <span class='ocrx_word' id='word_1_69' title='bbox 544 928 694 1010; x_wconf 87' lang='lat' dir='ltr'>Namque,</span> <span class='ocrx_word' id='word_1_70' title='bbox 714 930 855 991; x_wconf 88' lang='lat' dir='ltr'>societate</span> <span class='ocrx_word' id='word_1_71' title='bbox 878 931 967 991; x_wconf 78' lang='lat' dir='ltr'>disse</span> 
     </span>
     <span class='ocr_line' id='line_1_11' title="bbox 72 1007 1022 1090; baseline 0 -22"><span class='ocrx_word' id='word_1_72' title='bbox 72 1008 152 1081; x_wconf 91' lang='lat' dir='ltr'>luta,</span> <span class='ocrx_word' id='word_1_73' title='bbox 166 1008 284 1068; x_wconf 86' lang='lat' dir='ltr'>bellum</span> <span class='ocrx_word' id='word_1_74' title='bbox 298 1010 377 1071; x_wconf 90' lang='lat' dir='ltr'>inter</span> <span class='ocrx_word' id='word_1_75' title='bbox 389 1031 421 1069; x_wconf 92' lang='lat' dir='ltr'>se</span> <span class='ocrx_word' id='word_1_76' title='bbox 434 1018 596 1090; x_wconf 88' lang='lat' dir='ltr'>gesserunt.</span> <span class='ocrx_word' id='word_1_77' title='bbox 637 1009 683 1070; x_wconf 84' lang='lat' dir='ltr'>At</span> <span class='ocrx_word' id='word_1_78' title='bbox 703 1008 884 1083; x_wconf 89' lang='lat' dir='ltr'>Demetrius,</span> <span class='ocrx_word' id='word_1_79' title='bbox 898 1030 968 1070; x_wconf 88' lang='lat' dir='ltr'>cum</span> <span class='ocrx_word' id='word_1_80' title='bbox 983 1007 1022 1068; x_wconf 88' lang='lat'>10</span> 
     </span>
     <span class='ocr_line' id='line_1_12' title="bbox 72 1089 968 1169; baseline 0.003 -21"><span class='ocrx_word' id='word_1_81' title='bbox 72 1089 172 1149; x_wconf 88' lang='lat' dir='ltr'>filiam</span> <span class='ocrx_word' id='word_1_82' title='bbox 187 1110 275 1149; x_wconf 88' lang='lat' dir='ltr'>suam</span> <span class='ocrx_word' id='word_1_83' title='bbox 288 1089 413 1150; x_wconf 83' lang='lat' dir='ltr'>Seleuco</span> <span class='ocrx_word' id='word_1_84' title='bbox 426 1091 459 1149; x_wconf 88' lang='lat' dir='ltr'>in</span> <span class='ocrx_word' id='word_1_85' title='bbox 473 1090 700 1150; x_wconf 86' lang='lat' dir='ltr'>matrimonium</span> <span class='ocrx_word' id='word_1_86' title='bbox 720 1090 857 1163; x_wconf 80' lang='lat' dir='ltr'>dedisset,</span> <span class='ocrx_word' id='word_1_87' title='bbox 871 1109 968 1169; x_wconf 89' lang='lat' dir='ltr'>neque</span> 
     </span>
     <span class='ocr_line' id='line_1_13' title="bbox 72 1169 968 1249; baseline 0 -19"><span class='ocrx_word' id='word_1_88' title='bbox 72 1189 108 1230; x_wconf 91' lang='lat' dir='ltr'>eo</span> <span class='ocrx_word' id='word_1_89' title='bbox 133 1169 234 1249; x_wconf 91' lang='lat' dir='ltr'>magis</span> <span class='ocrx_word' id='word_1_90' title='bbox 253 1169 315 1230; x_wconf 90' lang='lat' dir='ltr'>fida</span> <span class='ocrx_word' id='word_1_91' title='bbox 338 1170 489 1233; x_wconf 89' lang='lat' dir='ltr'>intereos</span> <span class='ocrx_word' id='word_1_92' title='bbox 512 1170 647 1231; x_wconf 89' lang='lat' dir='ltr'>amicitia</span> <span class='ocrx_word' id='word_1_93' title='bbox 670 1189 792 1230; x_wconf 90' lang='lat' dir='ltr'>manere</span> <span class='ocrx_word' id='word_1_94' title='bbox 816 1170 968 1249; x_wconf 86' lang='lat' dir='ltr'>potuisset,</span> 
     </span>
     <span class='ocr_line' id='line_1_14' title="bbox 72 1249 966 1330; baseline 0.002 -20"><span class='ocrx_word' id='word_1_95' title='bbox 72 1258 185 1330; x_wconf 82' lang='lat' dir='ltr'>eaptus</span> <span class='ocrx_word' id='word_1_96' title='bbox 201 1249 289 1323; x_wconf 88' lang='lat' dir='ltr'>bello,</span> <span class='ocrx_word' id='word_1_97' title='bbox 303 1251 335 1310; x_wconf 90' lang='lat' dir='ltr'>in</span> <span class='ocrx_word' id='word_1_98' title='bbox 355 1251 492 1310; x_wconf 86' lang='lat' dir='ltr'>custodia</span> <span class='ocrx_word' id='word_1_99' title='bbox 506 1270 589 1311; x_wconf 88' lang='lat' dir='ltr'>socer</span> <span class='ocrx_word' id='word_1_100' title='bbox 602 1250 705 1329; x_wconf 88' lang='lat' dir='ltr'>generi</span> <span class='ocrx_word' id='word_1_101' title='bbox 718 1250 807 1329; x_wconf 90' lang='lat' dir='ltr'>periit</span> <span class='ocrx_word' id='word_1_102' title='bbox 821 1270 840 1311; x_wconf 90' lang='lat' dir='ltr'>a</span> <span class='ocrx_word' id='word_1_103' title='bbox 854 1249 966 1312; x_wconf 88' lang='lat' dir='ltr'>morbo.</span> 
     </span>
     <span class='ocr_line' id='line_1_15' title="bbox 72 1328 967 1409; baseline 0.003 -20"><span class='ocrx_word' id='word_1_104' title='bbox 72 1328 186 1409; x_wconf 89' lang='lat' dir='ltr'>Neque</span> <span class='ocrx_word' id='word_1_105' title='bbox 200 1330 244 1390; x_wconf 88' lang='lat' dir='ltr'>ita</span> <span class='ocrx_word' id='word_1_106' title='bbox 257 1330 354 1391; x_wconf 87' lang='lat' dir='ltr'>multo</span> <span class='ocrx_word' id='word_1_107' title='bbox 368 1338 435 1409; x_wconf 90' lang='lat' dir='ltr'>post</span> <span class='ocrx_word' id='word_1_108' title='bbox 455 1330 596 1390; x_wconf 83' lang='lat' dir='ltr'>Seleucus</span> <span class='ocrx_word' id='word_1_109' title='bbox 609 1351 629 1390; x_wconf 88' lang='lat' dir='ltr'>a</span> <span class='ocrx_word' id='word_1_110' title='bbox 642 1329 815 1391; x_wconf 81' lang='lat' dir='ltr'>Ptolemaeo</span> <span class='ocrx_word' id='word_1_111' title='bbox 830 1328 967 1392; x_wconf 84' lang='lat' dir='ltr'>Cerauno</span> 
     </span>
     <span class='ocr_line' id='line_1_16' title="bbox 72 1408 1020 1489; baseline -0.002 -21"><span class='ocrx_word' id='word_1_112' title='bbox 72 1409 146 1471; x_wconf 92' lang='lat' dir='ltr'>dolo</span> <span class='ocrx_word' id='word_1_113' title='bbox 160 1410 337 1471; x_wconf 87' lang='lat' dir='ltr'>interfectus</span> <span class='ocrx_word' id='word_1_114' title='bbox 350 1419 403 1483; x_wconf 80' lang='lat' dir='ltr'>est,</span> <span class='ocrx_word' id='word_1_115' title='bbox 414 1430 503 1489; x_wconf 91' lang='lat' dir='ltr'>quem</span> <span class='ocrx_word' id='word_1_116' title='bbox 514 1410 567 1470; x_wconf 92' lang='lat' dir='ltr'>ille</span> <span class='ocrx_word' id='word_1_117' title='bbox 577 1431 596 1470; x_wconf 94' lang='lat' dir='ltr'>a</span> <span class='ocrx_word' id='word_1_118' title='bbox 607 1419 692 1489; x_wconf 88' lang='lat' dir='ltr'>patre</span> <span class='ocrx_word' id='word_1_119' title='bbox 702 1410 863 1488; x_wconf 85' lang='lat' dir='ltr'>expulsum</span> <span class='ocrx_word' id='word_1_120' title='bbox 874 1410 967 1472; x_wconf 83' lang='lat' dir='ltr'>Alex-</span> <span class='ocrx_word' id='word_1_121' title='bbox 983 1408 1020 1467; x_wconf 89' lang='lat'>15</span> 
     </span>
     <span class='ocr_line' id='line_1_17' title="bbox 71 1490 968 1571; baseline 0 -19"><span class='ocrx_word' id='word_1_122' title='bbox 71 1491 201 1563; x_wconf 88' lang='lat' dir='ltr'>andrea,</span> <span class='ocrx_word' id='word_1_123' title='bbox 211 1490 378 1551; x_wconf 90' lang='lat' dir='ltr'>alienarum</span> <span class='ocrx_word' id='word_1_124' title='bbox 393 1510 486 1569; x_wconf 93' lang='lat' dir='ltr'>opum</span> <span class='ocrx_word' id='word_1_125' title='bbox 500 1490 693 1571; x_wconf 77' lang='lat' dir='ltr'>indigentem,</span> <span class='ocrx_word' id='word_1_126' title='bbox 704 1500 864 1570; x_wconf 86' lang='lat' dir='ltr'>receperat.</span> <span class='ocrx_word' id='word_1_127' title='bbox 899 1491 968 1570; x_wconf 90' lang='lat' dir='ltr'>Ipse</span> 
     </span>
     <span class='ocr_line' id='line_1_18' title="bbox 73 1569 968 1649; baseline 0 -17"><span class='ocrx_word' id='word_1_128' title='bbox 73 1580 181 1632; x_wconf 89' lang='lat' dir='ltr'>autem</span> <span class='ocrx_word' id='word_1_129' title='bbox 196 1569 396 1643; x_wconf 85' lang='lat' dir='ltr'>Ptolemaeus,</span> <span class='ocrx_word' id='word_1_130' title='bbox 410 1591 480 1630; x_wconf 92' lang='lat' dir='ltr'>cum</span> <span class='ocrx_word' id='word_1_131' title='bbox 494 1571 586 1632; x_wconf 84' lang='lat' dir='ltr'>vivus</span> <span class='ocrx_word' id='word_1_132' title='bbox 603 1570 668 1631; x_wconf 89' lang='lat' dir='ltr'>filio</span> <span class='ocrx_word' id='word_1_133' title='bbox 687 1591 814 1649; x_wconf 88' lang='lat' dir='ltr'>regnum</span> <span class='ocrx_word' id='word_1_134' title='bbox 829 1571 968 1632; x_wconf 87' lang='lat' dir='ltr'>tradidis-</span> 
     </span>
     <span class='ocr_line' id='line_1_19' title="bbox 72 1650 967 1730; baseline -0.001 -17"><span class='ocrx_word' id='word_1_135' title='bbox 72 1661 129 1725; x_wconf 88' lang='lat' dir='ltr'>set,</span> <span class='ocrx_word' id='word_1_136' title='bbox 143 1651 186 1712; x_wconf 89' lang='lat' dir='ltr'>ab</span> <span class='ocrx_word' id='word_1_137' title='bbox 206 1650 261 1711; x_wconf 92' lang='lat' dir='ltr'>illo</span> <span class='ocrx_word' id='word_1_138' title='bbox 281 1650 386 1711; x_wconf 91' lang='lat' dir='ltr'>eodem</span> <span class='ocrx_word' id='word_1_139' title='bbox 399 1651 464 1711; x_wconf 88' lang='lat' dir='ltr'>vita</span> <span class='ocrx_word' id='word_1_140' title='bbox 483 1651 621 1730; x_wconf 82' lang='lat' dir='ltr'>priuatus</span> <span class='ocrx_word' id='word_1_141' title='bbox 635 1651 754 1711; x_wconf 87' lang='lat' dir='ltr'>dicitur.</span> <span class='ocrx_word' id='word_1_142' title='bbox 796 1650 844 1710; x_wconf 89' lang='lat' dir='ltr'>De</span> <span class='ocrx_word' id='word_1_143' title='bbox 858 1651 967 1730; x_wconf 88' lang='lat' dir='ltr'>quibus</span> 
     </span>
     <span class='ocr_line' id='line_1_20' title="bbox 74 1730 967 1812; baseline -0.001 -21"><span class='ocrx_word' id='word_1_144' title='bbox 74 1732 223 1812; x_wconf 89' lang='lat' dir='ltr'>quoniam</span> <span class='ocrx_word' id='word_1_145' title='bbox 246 1731 320 1792; x_wconf 91' lang='lat' dir='ltr'>satis</span> <span class='ocrx_word' id='word_1_146' title='bbox 343 1731 459 1792; x_wconf 92' lang='lat' dir='ltr'>dictum</span> <span class='ocrx_word' id='word_1_147' title='bbox 505 1740 634 1804; x_wconf 87' lang='lat' dir='ltr'>utamus,</span> <span class='ocrx_word' id='word_1_148' title='bbox 659 1750 720 1793; x_wconf 89' lang='lat' dir='ltr'>non</span> <span class='ocrx_word' id='word_1_149' title='bbox 743 1730 967 1792; x_wconf 90' lang='lat' dir='ltr'>incommodum</span> 
     </span>
     <span class='ocr_line' id='line_1_21' title="bbox 75 1805 1021 1891; baseline -0.008 -16"><span class='ocrx_word' id='word_1_150' title='bbox 75 1812 201 1875; x_wconf 89' lang='lat' dir='ltr'>videtur</span> <span class='ocrx_word' id='word_1_151' title='bbox 215 1831 277 1872; x_wconf 92' lang='lat' dir='ltr'>non</span> <span class='ocrx_word' id='word_1_152' title='bbox 290 1811 454 1891; x_wconf 88' lang='lat' dir='ltr'>praeterire</span> <span class='ocrx_word' id='word_1_153' title='bbox 503 1811 677 1872; x_wconf 85' lang='lat' dir='ltr'>amilcarem</span> <span class='ocrx_word' id='word_1_154' title='bbox 698 1819 729 1870; x_wconf 91' lang='lat' dir='ltr'>et</span> <span class='ocrx_word' id='word_1_155' title='bbox 748 1809 966 1884; x_wconf 88' lang='lat' dir='ltr'>Hannibalem,</span> <span class='ocrx_word' id='word_1_156' title='bbox 981 1805 1021 1867; x_wconf 81' lang='lat'>20</span> 
     </span>
     <span class='ocr_line' id='line_1_22' title="bbox 74 1890 967 1972; baseline -0.002 -19"><span class='ocrx_word' id='word_1_157' title='bbox 74 1913 151 1972; x_wconf 91' lang='lat' dir='ltr'>quos</span> <span class='ocrx_word' id='word_1_158' title='bbox 172 1901 203 1953; x_wconf 90' lang='lat' dir='ltr'>et</span> <span class='ocrx_word' id='word_1_159' title='bbox 225 1891 321 1952; x_wconf 89' lang='lat' dir='ltr'>animi</span> <span class='ocrx_word' id='word_1_160' title='bbox 340 1891 549 1971; x_wconf 85' lang='lat' dir='ltr'>magnitudine</span> <span class='ocrx_word' id='word_1_161' title='bbox 570 1899 601 1952; x_wconf 91' lang='lat' dir='ltr'>et</span> <span class='ocrx_word' id='word_1_162' title='bbox 623 1890 791 1952; x_wconf 83' lang='lat' dir='ltr'>calliditate</span> <span class='ocrx_word' id='word_1_163' title='bbox 812 1909 914 1951; x_wconf 90' lang='lat' dir='ltr'>omnes</span> <span class='ocrx_word' id='word_1_164' title='bbox 933 1890 967 1951; x_wconf 87' lang='lat' dir='ltr'>iu</span> 
     </span>
     <span class='ocr_line' id='line_1_23' title="bbox 76 1972 623 2051; baseline -0.004 -17"><span class='ocrx_word' id='word_1_165' title='bbox 76 1972 187 2034; x_wconf 80' lang='lat' dir='ltr'>Africa</span> <span class='ocrx_word' id='word_1_166' title='bbox 201 1980 290 2034; x_wconf 86' lang='lat' dir='ltr'>natos</span> <span class='ocrx_word' id='word_1_167' title='bbox 303 1972 485 2051; x_wconf 79' lang='lat' dir='ltr'>praestitisse</span> <span class='ocrx_word' id='word_1_168' title='bbox 498 1979 623 2034; x_wconf 87' lang='lat' dir='ltr'>constat.</span> 
     </span>
    </p>
   </div>
   <div class='ocr_carea' id='block_1_3' title="bbox 263 2383 779 2458">
    <p class='ocr_par' dir='ltr' id='par_1_3' title="bbox 263 2383 779 2458">
     <span class='ocr_line' id='line_1_24' title="bbox 263 2383 779 2458; baseline 0.002 -2"><span class='ocrx_word' id='word_1_169' title='bbox 263 2383 414 2456; x_wconf 86' lang='lat' dir='ltr'>XXII.</span> <span class='ocrx_word' id='word_1_170' title='bbox 453 2383 779 2458; x_wconf 81' lang='lat' dir='ltr'><strong>HAMILCAR.</strong></span> 
     </span>
    </p>
   </div>
   <div class='ocr_carea' id='block_1_4' title="bbox 415 2544 691 2609">
    <p class='ocr_par' dir='ltr' id='par_1_4' title="bbox 415 2544 691 2609">
     <span class='ocr_line' id='line_1_25' title="bbox 415 2544 691 2609; baseline 0 -22"><span class='ocrx_word' id='word_1_171' title='bbox 415 2544 691 2609; x_wconf 26' lang='lat' dir='ltr'>&amp;roeo—-</span> 
     </span>
    </p>
   </div>
   <div class='ocr_carea' id='block_1_5' title="bbox 72 2683 1016 3405">
    <p class='ocr_par' dir='ltr' id='par_1_5' title="bbox 72 2683 1016 3405">
     <span class='ocr_line' id='line_1_26' title="bbox 114 2683 964 2759; baseline 0.001 -12"><span class='ocrx_word' id='word_1_172' title='bbox 114 2685 140 2748; x_wconf 92' lang='grc' dir='ltr'>Ι.</span> <span class='ocrx_word' id='word_1_173' title='bbox 163 2683 358 2758; x_wconf 63' lang='lat' dir='ltr'>Hammona,</span> <span class='ocrx_word' id='word_1_174' title='bbox 377 2683 563 2746; x_wconf 82' lang='lat' dir='ltr'>Hannibalis</span> <span class='ocrx_word' id='word_1_175' title='bbox 584 2684 672 2759; x_wconf 88' lang='lat' dir='ltr'>filius,</span> <span class='ocrx_word' id='word_1_176' title='bbox 694 2706 728 2746; x_wconf 89' lang='lat' dir='ltr'>co</span> <span class='ocrx_word' id='word_1_177' title='bbox 749 2686 870 2747; x_wconf 89' lang='lat' dir='ltr'>nomine</span> <span class='ocrx_word' id='word_1_178' title='bbox 890 2687 964 2750; x_wconf 88' lang='lat' dir='ltr'>Bar·</span> 
     </span>
     <span class='ocr_line' id='line_1_27' title="bbox 72 2707 964 2860; baseline 0 -32"><span class='ocrx_word' id='word_1_179' title='bbox 72 2785 134 2839; x_wconf 83' lang='lat' dir='ltr'>cae,</span> <span class='ocrx_word' id='word_1_180' title='bbox 145 2763 409 2843; x_wconf 82' lang='lat' dir='ltr'>Carthaginienses</span> <span class='ocrx_word' id='word_1_181' title='bbox 427 2763 525 2844; x_wconf 90' lang='lat' dir='ltr'>primo</span> <span class='ocrx_word' id='word_1_182' title='bbox 540 2763 669 2826; x_wconf 83' lang='lat' dir='ltr'>Poenico</span> <span class='ocrx_word' id='word_1_183' title='bbox 683 2707 772 2840; x_wconf 59' lang='lat' dir='ltr'>helio,</span> <span class='ocrx_word' id='word_1_184' title='bbox 786 2767 838 2827; x_wconf 88' lang='lat' dir='ltr'>sed</span> <span class='ocrx_word' id='word_1_185' title='bbox 852 2776 964 2860; x_wconf 75' lang='lat' dir='ltr'>tempe</span> 
     </span>
     <span class='ocr_line' id='line_1_28' title="bbox 72 2844 1016 2918; baseline 0.003 -12"><span class='ocrx_word' id='word_1_186' title='bbox 72 2845 160 2906; x_wconf 89' lang='lat' dir='ltr'>ribus</span> <span class='ocrx_word' id='word_1_187' title='bbox 181 2844 333 2918; x_wconf 82' lang='lat' dir='ltr'>extremis,</span> <span class='ocrx_word' id='word_1_188' title='bbox 354 2844 518 2907; x_wconf 88' lang='lat' dir='ltr'>admodum</span> <span class='ocrx_word' id='word_1_189' title='bbox 543 2845 783 2908; x_wconf 88' lang='lat' dir='ltr'>adolescentulus</span> <span class='ocrx_word' id='word_1_190' title='bbox 805 2846 837 2907; x_wconf 93' lang='lat' dir='ltr'>in</span> <span class='ocrx_word' id='word_1_191' title='bbox 859 2847 963 2909; x_wconf 78' lang='lat' dir='ltr'>Sicilia</span> <span class='ocrx_word' id='word_1_192' title='bbox 977 2849 1016 2909; x_wconf 81' lang='lat'>25</span> 
     </span>
     <span class='ocr_line' id='line_1_29' title="bbox 72 2923 962 3006; baseline 0.002 -20"><span class='ocrx_word' id='word_1_193' title='bbox 72 2944 212 3005; x_wconf 87' lang='lat' dir='ltr'>praeesse</span> <span class='ocrx_word' id='word_1_194' title='bbox 225 2924 324 3003; x_wconf 89' lang='lat' dir='ltr'>coepit</span> <span class='ocrx_word' id='word_1_195' title='bbox 337 2923 492 2987; x_wconf 82' lang='lat' dir='ltr'>exercitui.</span> <span class='ocrx_word' id='word_1_196' title='bbox 533 2923 611 2986; x_wconf 76' lang='lat' dir='ltr'>Cum</span> <span class='ocrx_word' id='word_1_197' title='bbox 632 2935 703 2987; x_wconf 88' lang='lat' dir='ltr'>ante</span> <span class='ocrx_word' id='word_1_198' title='bbox 716 2927 780 3006; x_wconf 89' lang='lat' dir='ltr'>ejus</span> <span class='ocrx_word' id='word_1_199' title='bbox 796 2927 962 2989; x_wconf 85' lang='lat' dir='ltr'>adventum</span> 
     </span>
     <span class='ocr_line' id='line_1_30' title="bbox 72 3003 963 3085; baseline 0.001 -19"><span class='ocrx_word' id='word_1_200' title='bbox 72 3013 105 3066; x_wconf 89' lang='lat' dir='ltr'>et</span> <span class='ocrx_word' id='word_1_201' title='bbox 126 3004 205 3064; x_wconf 91' lang='lat' dir='ltr'>mari</span> <span class='ocrx_word' id='word_1_202' title='bbox 227 3012 257 3067; x_wconf 91' lang='lat' dir='ltr'>et</span> <span class='ocrx_word' id='word_1_203' title='bbox 280 3012 361 3064; x_wconf 88' lang='lat' dir='ltr'>terra</span> <span class='ocrx_word' id='word_1_204' title='bbox 382 3003 463 3066; x_wconf 88' lang='lat' dir='ltr'>male</span> <span class='ocrx_word' id='word_1_205' title='bbox 484 3023 531 3067; x_wconf 87' lang='lat' dir='ltr'>res</span> <span class='ocrx_word' id='word_1_206' title='bbox 547 3014 722 3085; x_wconf 86' lang='lat' dir='ltr'>gererentur</span> <span class='ocrx_word' id='word_1_207' title='bbox 736 3006 963 3085; x_wconf 81' lang='lat' dir='ltr'>Carthaginien·</span> 
     </span>
     <span class='ocr_line' id='line_1_31' title="bbox 72 3083 963 3166; baseline 0.001 -20"><span class='ocrx_word' id='word_1_208' title='bbox 72 3085 163 3157; x_wconf 90' lang='lat' dir='ltr'>sium,</span> <span class='ocrx_word' id='word_1_209' title='bbox 177 3084 250 3163; x_wconf 92' lang='lat' dir='ltr'>ipse,</span> <span class='ocrx_word' id='word_1_210' title='bbox 264 3083 318 3145; x_wconf 92' lang='lat' dir='ltr'>ubi</span> <span class='ocrx_word' id='word_1_211' title='bbox 340 3084 436 3157; x_wconf 86' lang='lat' dir='ltr'>affuit,</span> <span class='ocrx_word' id='word_1_212' title='bbox 458 3103 625 3164; x_wconf 88' lang='lat' dir='ltr'>numquam</span> <span class='ocrx_word' id='word_1_213' title='bbox 647 3085 725 3148; x_wconf 88' lang='lat' dir='ltr'>hosti</span> <span class='ocrx_word' id='word_1_214' title='bbox 748 3086 842 3159; x_wconf 87' lang='lat' dir='ltr'>cessit,</span> <span class='ocrx_word' id='word_1_215' title='bbox 865 3105 963 3166; x_wconf 89' lang='lat' dir='ltr'>neque</span> 
     </span>
     <span class='ocr_line' id='line_1_32' title="bbox 74 3163 963 3245; baseline 0.001 -20"><span class='ocrx_word' id='word_1_216' title='bbox 74 3166 176 3226; x_wconf 91' lang='lat' dir='ltr'>locum</span> <span class='ocrx_word' id='word_1_217' title='bbox 197 3163 325 3228; x_wconf 79' lang='lat' dir='ltr'>nocendi</span> <span class='ocrx_word' id='word_1_218' title='bbox 339 3163 431 3237; x_wconf 90' lang='lat' dir='ltr'>dedit,</span> <span class='ocrx_word' id='word_1_219' title='bbox 445 3183 592 3245; x_wconf 84' lang='lat' dir='ltr'>saepeque</span> <span class='ocrx_word' id='word_1_220' title='bbox 605 3185 621 3224; x_wconf 95' lang='lat' dir='ltr'>e</span> <span class='ocrx_word' id='word_1_221' title='bbox 635 3165 794 3237; x_wconf 90' lang='lat' dir='ltr'>contrario,</span> <span class='ocrx_word' id='word_1_222' title='bbox 808 3164 963 3226; x_wconf 85' lang='lat' dir='ltr'>occasione</span> 
     </span>
     <span class='ocr_line' id='line_1_33' title="bbox 73 3242 1016 3322; baseline 0.002 -18"><span class='ocrx_word' id='word_1_223' title='bbox 73 3244 156 3317; x_wconf 87' lang='lat' dir='ltr'>data,</span> <span class='ocrx_word' id='word_1_224' title='bbox 178 3242 329 3304; x_wconf 84' lang='lat' dir='ltr'>lacessivit</span> <span class='ocrx_word' id='word_1_225' title='bbox 352 3263 527 3322; x_wconf 90' lang='lat' dir='ltr'>semperque</span> <span class='ocrx_word' id='word_1_226' title='bbox 550 3242 685 3321; x_wconf 90' lang='lat' dir='ltr'>superior</span> <span class='ocrx_word' id='word_1_227' title='bbox 708 3243 849 3303; x_wconf 88' lang='lat' dir='ltr'>discessit.</span> <span class='ocrx_word' id='word_1_228' title='bbox 891 3243 963 3317; x_wconf 76' lang='lat' dir='ltr'>Quo</span> <span class='ocrx_word' id='word_1_229' title='bbox 976 3245 1016 3306; x_wconf 83' lang='lat'>30</span> 
     </span>
     <span class='ocr_line' id='line_1_34' title="bbox 74 3319 962 3405; baseline -0.01 -16"><span class='ocrx_word' id='word_1_230' title='bbox 74 3324 248 3401; x_wconf 68' lang='lat' dir='ltr'>lactucam</span> <span class='ocrx_word' id='word_1_231' title='bbox 269 3342 364 3405; x_wconf 86' lang='lat' dir='ltr'>paene</span> <span class='ocrx_word' id='word_1_232' title='bbox 378 3323 480 3386; x_wconf 86' lang='lat' dir='ltr'>omnia</span> <span class='ocrx_word' id='word_1_233' title='bbox 499 3322 532 3385; x_wconf 90' lang='lat' dir='ltr'>in</span> <span class='ocrx_word' id='word_1_234' title='bbox 552 3321 658 3385; x_wconf 81' lang='lat' dir='ltr'>Sicilia</span> <span class='ocrx_word' id='word_1_235' title='bbox 678 3321 772 3384; x_wconf 89' lang='lat' dir='ltr'>Poeni</span> <span class='ocrx_word' id='word_1_236' title='bbox 786 3319 962 3396; x_wconf 80' lang='lat' dir='ltr'>amisissent,</span> 
     </span>
    </p>
   </div>
   <div class='ocr_carea' id='block_1_6' title="bbox 0 0 1149 3698">
    <p class='ocr_par' dir='ltr' id='par_1_6' title="bbox 0 0 1149 3698">
     <span class='ocr_line' id='line_1_35' title="bbox 0 0 1149 3698; baseline 0 0"><span class='ocrx_word' id='word_1_237' title='bbox 0 0 1149 3698; x_wconf 95' lang='lat' dir='ltr'> </span> 
     </span>
    </p>
   </div>
  </div>
 </body>
</html>
