2288 3698
269 137 302 184 r.
329 136 578 185 rourorrrus
607 137 799 186 sumnus.
945 120 1008 187 119

64 292 237 355 humiliore.
287 291 387 352 Tanta
414 292 494 352 enim
521 293 703 371 prosperitas
726 292 884 354 Caesarem
911 301 955 354 est

65 382 236 446 consecuta,
257 381 293 432 ut
319 373 396 431 nihil
421 373 449 432 11
473 393 534 432 non
558 372 698 433 tribuerit
721 373 853 446 fortuna,
874 374 955 454 quod

64 454 209 533 cuiquam
234 462 305 513 ante
329 452 479 525 detulerit,
503 463 534 514 et
557 452 735 525 conciliarit,
779 453 840 513 uod
866 474 953 515 nemo

64 534 167 594 adhuc
181 534 257 595 civis
271 533 427 593 Romanus
441 534 540 611 quivit
553 533 701 612 consequi.
775 542 827 593 ata
840 543 884 594 est
903 555 954 594 au·

63 622 126 674 tem
149 613 256 674 Attico
278 614 376 692 neptis
398 634 437 674 ex
458 612 608 692 Agrippa,
626 613 676 673 cui
689 613 738 675 vir
760 613 766 626 '
791 634 838 674 em
860 614 954 674 filiam
988 614 1007 672 5

64 694 239 754 collocarat.
289 693 381 754 Hanc
405 692 524 766 Caesar,
545 693 600 754 vix
627 693 738 753 annicu
751 714 810 767 am,
834 693 954 755 Tiberio

63 774 197 835 Claudio
225 773 349 845 Neroni,
378 773 517 833 Drusilla
544 782 625 846 nato,
649 773 790 852 privigno
817 793 879 846 suo,
907 775 955 834 de·

64 854 206 933 spondit3
248 873 326 933 quae
364 853 534 933 conjunctio
573 853 821 914 necessitudinem
852 874 955 914 eorum

63 934 179 1006 sanxit,
199 933 437 994 familiaritatem
458 934 591 994 reddidit
609 933 848 1014 frequentiorem.

105 1013 188 1074 XX.
217 1014 367 1091 Quamvis
390 1022 461 1073 ante
485 1014 559 1073 haec
583 1012 734 1094 sponsalia
761 1033 822 1074 non
849 1013 1009 1087 solum,10

65 1115 137 1155 cum
157 1093 198 1153 ab
220 1093 295 1154 urbe
316 1094 440 1166 abesset,
460 1114 628 1172 numquam
649 1094 689 1153 ad
713 1113 836 1154 suorum
856 1114 956 1172 quem-

65 1195 161 1254 quam
182 1173 300 1234 litteras
318 1174 408 1246 misit,
423 1174 496 1252 quin
517 1172 621 1234 Attico
642 1175 782 1246 mitteret,
797 1175 870 1253 quid
890 1194 956 1253 age·

65 1264 123 1327 ret,
143 1255 178 1313 in
201 1253 307 1333 primis
331 1252 404 1332 quid
429 1254 549 1332 legeret,
571 1253 739 1333 quibusque
765 1254 798 1313 in
826 1254 899 1315 locis
926 1263 956 1314 et

65 1334 217 1414 quamdiu
241 1343 316 1394 esset
337 1342 525 1405 moraturus3
545 1335 597 1394 sed
619 1335 719 1407 etiam,
738 1354 807 1395 cum
829 1344 904 1395 esset
923 1335 955 1394 in

65 1415 145 1475 urbe
170 1423 201 1475 et
224 1423 348 1493 propter
370 1433 439 1474 suas
463 1413 596 1475 infinitas
623 1416 833 1495 occupationes
856 1416 955 1475 minus
970 1413 1009 1473 15

67 1514 169 1574 saepe,
182 1514 273 1573 quam
289 1493 391 1567 vellet,
405 1494 510 1555 Attico
531 1494 689 1568 frueretur,
710 1496 813 1555 nullus
833 1496 895 1555 dics
915 1504 956 1556 te

67 1594 154 1636 mere
163 1574 338 1646 intercessit,
348 1594 406 1654 quo
420 1594 481 1635 non
495 1574 535 1634 ad
545 1595 615 1635 eum
625 1575 775 1647 scriberet,
786 1596 855 1634 cum
866 1576 955 1636 modo

68 1655 189 1734 aliquid
211 1654 250 1715 de
271 1655 451 1733 antiquitate
473 1654 569 1716 abeo
592 1656 764 1734 requireret,
786 1655 875 1716 modo
902 1656 955 1715 ali-

66 1756 162 1816 quam
186 1734 389 1815 quaestionem
416 1735 565 1813 poeticam
591 1744 779 1815 proponeret,
803 1735 955 1795 interdum

70 1819 180 1896 jocans
203 1816 267 1895 ejus
288 1814 470 1876 verbosiores
492 1815 612 1875 eliceret
634 1815 781 1894 epistolas.
823 1814 874 1873 Ex
896 1835 954 1894 quo
969 1814 1008 1875 20

65 1896 189 1968 accidit,
210 1916 280 1956 cum
304 1896 385 1955 aedis
410 1895 497 1957 Jovis
521 1894 658 1966 Feretrii,
683 1895 715 1953 in
741 1893 892 1972 Capitolio
914 1894 954 1965 ab

65 1976 203 2038 Romulo
223 1977 394 2047 constituta,
415 1984 564 2037 vetustate
583 1984 674 2053 atque
698 1974 815 2034 incuria
839 1975 956 2034 detecta

65 2055 287 2137 prolaberetur,
301 2064 336 2116 ut
349 2055 447 2115 Attici
468 2055 624 2115 admonitu
645 2054 756 2114 Caesar
776 2073 843 2113 eam
862 2054 955 2114 refici·

65 2137 178 2198 endam
203 2145 330 2196 curaret.
372 2135 478 2214 Neque
498 2155 569 2197 vero
593 2155 612 2194 a
635 2134 679 2193 M.
700 2133 835 2195 Antonio
856 2135 955 2195 minus

65 2216 175 2277 absens
195 2215 304 2276 litteris
324 2215 495 2287 colebatur;
522 2215 605 2288 adeo,
627 2224 661 2274 ut
684 2224 824 2274 accurate
844 2214 896 2275 ille
916 2236 955 2275 ex
969 2215 1007 2276 25

65 2297 186 2356 ultimis
206 2297 301 2369 terris,
316 2296 389 2375 quid
411 2304 520 2375 ageret,
535 2315 625 2355 curae
644 2295 701 2355 sibi
715 2294 840 2355 haberet
852 2295 955 2356 certio·

66 2397 132 2437 rem
153 2376 252 2436 facere
265 2374 412 2436 Atticum.
454 2375 523 2435 Hoc
544 2375 634 2454 quale
654 2376 701 2448 sit,
716 2375 835 2435 facilius
855 2377 955 2436 existi-

65 2456 165 2517 mabit
179 2457 213 2528 is,
228 2457 280 2536 qui
296 2456 434 2534 judicare
448 2455 567 2595 poterit,
581 2465 712 2534 quantae
731 2456 771 2515 sit
790 2457 954 2534 sapientiae

19 2594 22 2602 .
66 2557 172 2598 eorum
194 2537 321 2596 retinere
341 2556 430 2596 usum
472 2536 758 2615 enevolentiamque,
779 2536 857 2595 inter
881 2557 954 2614 quos

34 2672 37 2675 ,
65 2616 273 2677 maximarum
298 2636 399 2675 rerum
426 2635 487 2675 non
515 2615 612 2676 solum
636 2616 808 2688 aemulatio,
829 2616 881 2676 sed
905 2616 954 2677 ob·
968 2617 1006 2678 30

66 2695 207 2757 trectatio
226 2705 312 2756 tanta
335 2695 547 2768 intercedebat,
570 2706 716 2775 quantam
740 2696 800 2756 fuit
822 2696 954 2756 incidere

64 2796 186 2837 necesse
213 2776 292 2836 inter
320 2774 476 2835 Caesarem
506 2785 597 2854 atque
623 2776 803 2848 Antonium,
827 2796 896 2835 cum
923 2797 954 2836 se

64 2865 194 2935 uterque
208 2855 374 2934 principem
388 2875 448 2915 non
462 2855 560 2915 solum
575 2855 657 2916 urbis
671 2857 796 2929 Rornae,
809 2857 861 2916 sed
874 2855 954 2916 orbis

64 2947 216 2998 terrarum
232 2956 292 2995 esse
306 2945 435 3014 cuperet.

107 3015 204 3075 XXI.
219 3014 288 3075 Tali
303 3015 392 3075 modo
402 3036 470 3074 curu
484 3023 599 3093 septem
612 3024 642 3074 et
655 3016 847 3095 septuaginta
861 3035 953 3075 annos
968 3016 1006 3075 35

66 3095 253 3174 complesset,
267 3104 357 3174 atque
378 3095 417 3154 ad
439 3104 604 3154 extremam
618 3105 800 3156 senectutem
821 3116 881 3155 non
901 3095 954 3153 mi-

66 3196 124 3235 nus
139 3175 287 3253 dignitate
301 3195 392 3253 quam
406 3175 505 3253 gratia
519 3175 699 3253 fortunaque
710 3175 849 3235 crevisset
865 3175 954 3245 (mul-

66 3265 115 3316 tas
135 3255 216 3314 enim
236 3255 416 3314 hereditates
436 3254 523 3312 nulla
537 3254 598 3310 alia
612 3273 749 3329 requam
764 3253 898 3310 bonitate
912 3261 955 3310 est

67 3338 270 3410 consecutus),
285 3342 429 3409 tantaque
444 3331 641 3408 prosperitate
662 3349 732 3386 usus
752 3337 827 3385 essct
839 3328 954 3385 valetu-

66 3414 156 3486 dinis,
178 3422 213 3472 ut
240 3412 327 3470 annis
354 3411 480 3487 triginta
507 3406 655 3465 medicina
682 3423 742 3460 non
769 3402 954 3475 indiguisset,
968 3403 1007 3459 40
