2288 3698
141 127 183 192 96
247 108 253 120 ’
416 142 629 190 conanum
660 142 854 189 rasoris.

193 296 247 360 ille
267 297 397 438 Eppoem
411 297 454 359 sic
468 298 610 371 defendit,
624 307 660 358 ut
677 297 793 358 bellum
815 318 850 358 eo
875 299 941 358 loco
963 307 1082 378 gestum

194 399 255 438 non
265 379 297 440 vi
319 387 426 439 eretur.
468 377 595 439 Interim
607 378 879 457 Carthaginienses,
891 378 984 439 classe
997 380 1082 458 apud

193 458 307 519 insulas
320 457 452 536 Aegates
474 479 492 518 a
512 458 546 518 C.
562 458 695 530 Lutatio,
718 458 840 518 consule
863 458 1081 532 Romanorum,

192 560 228 600 su
267 539 334 612 rati,
354 547 526 599 statuerunt
546 538 620 598 belli
642 538 733 597 finem
747 538 855 611 facere,
870 559 937 598 eam
958 560 996 599 ue
1017 560 1081 600 rem

160 619 180 679 5
193 639 229 680 ar
250 619 319 679 itrio
332 618 533 697 permiserunt
546 618 741 678 Hamilcaris.
782 617 851 691 Ille,
861 619 917 678 etsi
930 561 1081 698 Cagrabat

193 698 329 760 bellandi
343 698 518 777 cupiditate,
532 707 634 758 tamen
654 699 723 777 paci
743 698 935 760 serviendum
950 700 1080 778 putavit,

194 778 275 859 quod
310 779 420 839 atriam
433 778 612 838 exhaustam
633 779 803 857 sumptibus
823 779 939 839 diutius
960 780 1081 840 calami·

192 868 270 920 tates
289 800 364 919 hessi
388 860 466 919 ferre
486 879 547 919 non
567 879 652 938 posse
673 858 880 938 intelligebat;
900 860 953 919 sed
975 859 1028 932 ita,
1047 869 1081 920 ut

192 940 295 1001 statim
319 948 419 999 mente
442 939 579 1017 agitaret,
601 938 626 998 si
644 939 777 1079 pqulum
800 940 890 1000 modo
914 960 962 1001 res
985 950 1081 1002 essent

141 1022 179 1082 10
193 1021 329 1092 refectae,
343 1017 458 1080 bellum
479 1039 624 1080 renovare
693 1025 856 1100 manosque
876 1022 970 1081 armis
986 1042 1080 1100 perse·
1137 1052 1138 1079 t

192 1101 254 1180 qui,
276 1100 418 1161 donicum
439 1107 493 1159 aut
513 1100 627 1160 virtute
647 1100 788 1162 vicissent
809 1109 864 1161 aut
876 1101 951 1162 victi
972 1121 1080 1162 manus

193 1182 350 1241 dedissent.
391 1178 461 1239 Hoc
482 1180 605 1240 consilio
626 1200 731 1259 pacem
752 1180 943 1253 conciliavit3
966 1182 1078 1262 inquo

192 1270 278 1321 tanta
292 1260 351 1323 fuit
363 1259 483 1332 ferocia,
498 1280 567 1320 curn
581 1259 708 1320 Catulus
729 1271 852 1339 negaret
872 1261 988 1322 bellum
1003 1282 1079 1323 com-

192 1341 370 1419 positurum,
384 1340 441 1400 uisi
455 1340 508 1400 ille
521 1361 591 1401 cum
604 1341 673 1414 suis,
688 1341 740 1420 qui
761 1341 892 1421 Erycem
908 1351 1079 1415 tenuerunt,

140 1420 178 1481 15
193 1420 284 1480 armis
307 1420 427 1492 relictis,
451 1419 555 1481 Sicilia
582 1420 767 1494 decederent,
796 1431 840 1494 ut,
863 1422 1077 1484 succumbente

91 1540 97 1553 .
192 1500 300 1580 patria,
314 1501 377 1579 ipse
399 1500 568 1579 periturum
591 1521 622 1561 se
644 1501 744 1580 potius
758 1503 879 1576 dixerit,
894 1523 987 1582 quam
1008 1523 1077 1563 cum

192 1589 277 1641 tanto
291 1580 406 1659 flagitio
429 1580 552 1641 domum
574 1582 693 1642 rediret.
735 1581 806 1642 Non
828 1583 909 1642 enirn
930 1600 1004 1644 suae
1016 1603 1077 1644 esse

191 1660 322 1733 virtutis,
337 1680 422 1720 arma
443 1680 462 1720 a
482 1661 584 1740 patria
605 1671 729 1741 accepta
742 1663 885 1725 adversus
908 1664 1008 1725 hostes
1027 1665 1077 1725 ad·

191 1741 330 1802 versariis
350 1741 477 1801 tradere.
519 1741 622 1821 Hujus
642 1743 826 1821 pertinaciae
839 1746 926 1805 cessit
940 1745 1075 1808 Catulus

139 1822 177 1882 20
232 1820 274 1881 Π.
302 1820 347 1880 At
370 1820 432 1893 ille,
452 1829 487 1881 ut
511 1820 726 1901 Carthaginem
747 1825 840 1898 venit,
864 1826 962 1887 multo
989 1828 1077 1888 aliter

192 1922 227 1961 ac
253 1901 395 1980 sperabat
421 1921 484 1961 rem
509 1901 663 1980 publicam
687 1924 718 1963 se
741 1904 903 1966 habentem
927 1909 1075 1988 cognovit

191 1981 332 2060 Namque
354 1981 554 2042 diuturnitate
577 1983 696 2042 externi
720 1985 795 2044 mali
819 1993 939 2047 tantum
963 1989 1075 2051 exarsit

191 2063 366 2121 intestinum
381 2060 505 2134 bellum,
519 2071 554 2123 ut
574 2083 740 2142 numquam
755 2067 822 2144 pari
837 2067 971 2145 periculo
985 2070 1075 2129 fuerit

191 2141 351 2219 Carthago,
374 2141 432 2201 nisi
459 2162 529 2203 cum
556 2142 655 2203 deleta
679 2154 730 2204 est.
774 2144 877 2207 Primo
901 2148 1075 2209 mercenarii

138 2222 176 2281 25
190 2221 309 2294 militae,
329 2223 381 2300 qui
403 2222 546 2283 adversus
560 2222 713 2284 Romanos
733 2224 863 2299 fuerant,
877 2227 1074 2300 desciverunt,

190 2322 318 2381 quorum
345 2322 487 2362 numerus
513 2312 579 2363 erat
602 2304 711 2383 viginti
738 2306 866 2367 milium.
908 2308 954 2368 Hi
981 2317 1075 2370 totam

189 2381 401 2442 abalienarunt
414 2381 562 2457 Africam,
576 2383 586 2442 i
608 2403 673 2444 sam
687 2384 903 2466 Carthaginem
924 2410 1075 2469 oppugna-

189 2471 268 2524 runt.
311 2461 431 2539 Quibus
451 2463 539 2524 malis
560 2404 634 2525 adeo
655 2476 726 2525 sunt
748 2465 843 2527 Poeni
863 2472 1024 2546 perterriti,
1039 2478 1072 2530 ut

188 2542 281 2602 etiam
303 2542 420 2603 auxilia
434 2542 473 2603 ab
488 2543 633 2604 Romanis
656 2546 798 2625 petierint
820 2568 914 2628 eaque
936 2549 1073 2629 impetra·

136 2620 174 2681 30
189 2622 258 2682 rint.
300 2622 358 2683 Sed
369 2631 512 2695 extremo,
524 2644 594 2684 oum
607 2646 701 2704 prope
710 2627 776 2705 jam
787 2627 827 2687 ad
837 2628 1073 2708 desperationem

188 2702 400 2782 pervenissent,
411 2702 621 2765 Hamilcarem
636 2705 847 2785 imperatorem
859 2708 1003 2772 fecerunt.
1044 2711 1073 2770 Is

183 2802 249 2841 ⁴non
262 2782 360 2843 solum
374 2783 472 2844 hostes
492 2805 511 2844 a
532 2785 626 2844 muris
640 2785 833 2867 Carthaginis
853 2791 991 2867 removit,
1006 2810 1072 2851 cum

188 2862 319 2941 amplius
342 2872 463 2924 centum
485 2864 571 2924 milia
592 2865 673 2926 facta
695 2876 792 2928 essent
814 2878 1010 2943 armatorum,
1023 2870 1072 2931 sed

188 2943 279 3004 etiam
293 2963 326 3004 eo
341 2943 496 3022 compulit,
507 2953 542 3004 ut
556 2944 690 3006 locorum
705 2948 851 3026 angustiis
865 2950 961 3010 clausi
974 2951 1072 3030 plures

135 3022 173 3083 35
187 3022 268 3084 farne
281 3043 373 3115 quarn
394 3024 473 3083 ferro
492 3024 656 3086 interirent.
698 3026 811 3090 Omnia
831 3030 945 3109 oppida
965 3032 1072 3092 abalie

187 3112 269 3174 nata,
283 3123 316 3163 m
338 3104 384 3162 his
409 3102 534 3164 Uticam
556 3114 647 3184 atque
669 3105 855 3187 Hipponem,
868 3108 1072 3173 valentissima

187 3182 279 3242 totius
293 3181 426 3255 Africae,
442 3181 572 3243 restituit
592 3185 716 3262 patriae.
758 3187 866 3267 Neque
880 3211 914 3252 eo
928 3190 989 3253 fuit
1009 3213 1072 3253 con·

187 3266 296 3332 tentus,
307 3260 358 3319 sed
373 3260 464 3319 etiam
475 3259 548 3318 fines
563 3262 681 3340 imperii
691 3269 882 3345 propagavit,
892 3279 958 3332 tota
968 3271 1072 3333 Africa

188 3345 308 3398 tantum
322 3337 416 3397 otium
432 3336 572 3409 reddidit,
586 3348 621 3400 ut
634 3343 755 3405 nullum
769 3346 801 3406 in
816 3367 852 3410 ea
865 3349 982 3412 bellum
996 3351 1072 3416 vide

136 3411 175 3470 40
189 3421 272 3472 retur
285 3414 388 3474 multis
402 3413 489 3474 annis
503 3416 599 3479 luisse.
