2346 3704
121 95 166 162 tc
389 61 604 162 coannirr
632 112 826 160 nonoris.

174 268 312 333 licratem
330 270 362 329 in
438 291 486 329 em
510 270 708 349 Proserpinae
729 268 884 329 deducunt
903 289 939 329 ao
960 268 1068 331 ‘urere

175 370 210 410 oo
232 359 296 423 unt,
314 351 392 409 nihil
413 371 432 410 a
473 350 527 411 illo
547 350 675 430 periculi
695 348 759 409 fore
779 348 881 409 Dioni.
922 349 981 408 Ile
1000 350 1069 410 hac

175 371 320 509 fei—ugione
333 451 394 490 non
408 431 497 490 modo
516 451 577 490 non
591 431 760 503 deterritus,
774 429 825 489 sed
846 429 885 488 ad
906 438 1068 489 maturan-

175 510 250 569 dum
264 511 430 570 concitatus
444 519 497 583 est,
511 531 625 584 verens,
639 532 678 571 ne
691 510 775 589 prius
789 509 948 569 consilium
964 510 1067 589 aperi-

141 594 161 656 5
175 599 259 650 retur
272 610 369 664 suum,
384 611 475 668 quam
489 600 598 650 conata
611 590 789 670 perfecisset.

216 669 276 730 IX.
291 670 361 730 Hac
371 680 472 730 mente
480 671 620 749 proximo
634 671 684 730 die
696 670 781 743 festo,
792 690 861 729 cum
876 691 895 729 a
909 678 1067 730 conventu

174 771 206 810 se
228 759 376 811 remotum
401 750 483 810 Dion
507 751 590 810 domi
613 759 728 811 teneret
751 759 842 829 atque
865 750 897 808 in
921 749 1066 811 conclavi

174 831 255 891 edito
280 831 471 903 recubuisset,
492 831 616 891 consciis
640 830 781 891 facinoris
805 831 872 891 loca
895 829 1067 890 munitiora

176 911 281 990 oppidi
293 911 404 983 tradit;
425 911 550 971 domum
569 912 710 971 custodiis
730 911 824 989 sepit;
845 931 865 971 a
877 909 989 972 foribus
1005 911 1068 988 qui

122 994 162 1057 10
175 1011 236 1051 non
263 991 427 1065 discedant,
454 999 549 1052 certos
576 991 728 1071 praeficit;
762 1011 873 1052 navem
905 990 1066 1050 triremem

175 1072 300 1132 armatis
313 1071 410 1145 ornat,
424 1070 668 1150 Philostratoque
686 1071 774 1131 fratri
792 1091 846 1131 suo
864 1070 965 1142 tradit,
979 1090 1067 1129 eam-

176 1172 234 1230 que
247 1152 281 1212 in
294 1161 384 1231 portu
396 1152 507 1232 agitari
515 1152 612 1231 jubet,
623 1161 658 1213 ut
672 1152 697 1212 si
710 1172 849 1212 exercere
862 1150 986 1229 remiges
995 1149 1067 1211 vel-

176 1232 235 1303 let;
256 1233 400 1311 cogitans,
413 1233 439 1292 si
457 1232 535 1292 forte
553 1233 685 1293 consiliis
705 1231 866 1293 obstitisset
879 1231 1008 1303 fortuna,
1023 1239 1067 1291 ut

175 1312 309 1386 haberet,
344 1333 383 1372 uo
401 1312 519 1391 fugeret
539 1313 578 1373 ad
599 1313 736 1374 salutem.
777 1310 906 1372 Suorum
926 1318 1028 1369 autem
1043 1330 1067 1370 e

123 1393 163 1456 15
175 1412 301 1452 numero
358 1393 496 1472 cynthios
516 1393 718 1454 adolescentes
731 1391 876 1472 quosdam
890 1390 973 1470 eligit
987 1410 1064 1450 cum

175 1472 389 1532 audacissimos
402 1482 468 1533 tum
478 1472 595 1534 viribus
609 1472 766 1544 maximis3
787 1472 892 1553 hisque
905 1470 958 1531 dat
970 1490 1066 1549 nego-

176 1551 263 1626 tium,
283 1553 324 1613 ad
344 1552 475 1613 Dionem
496 1561 567 1614 eant
586 1554 723 1625 inermes,
744 1552 786 1613 sic
806 1561 842 1612 ut
862 1550 1066 1612 conveniendi

175 1633 240 1713 ejus
257 1634 357 1712 gratia
369 1633 546 1694 viderentur
558 1634 670 1696 venire.
711 1632 757 1691 Hi
777 1642 900 1712 propter
918 1630 1003 1691 notit'
1068 1662 1072 1667 =

175 1721 247 1774 sunt
269 1714 441 1774 intromissi.
482 1714 528 1774 At
552 1714 608 1788 illi,
631 1723 668 1775 ut
694 1713 787 1774 limen
810 1713 874 1793 ejus
897 1711 1065 1785 intrarunt,

122 1796 162 1859 20
174 1793 291 1855 foribus
304 1794 458 1867 obseratis,
471 1794 504 1854 in
524 1794 602 1855 lecto
623 1794 784 1854 cubantem
804 1792 962 1865 invadunt,
976 1790 1066 1851 colli·

237 1884 267 1948 t;
296 1875 333 1935 fit
354 1875 505 1953 strepitus,
529 1875 604 1936 adeo
632 1884 667 1935 ut
694 1872 833 1934 exaudiri
859 1871 952 1951 possit
977 1870 1063 1932 foris.

212 1956 248 2028 ‘c‚
269 1955 347 2016 sicut
370 1964 442 2016 ante
464 1976 552 2035 saepe
576 1955 693 2015 dictum
716 1963 769 2028 est,
790 1973 882 2032 quam
901 1951 999 2013 invisa
1020 1950 1065 2012 sit

175 2036 337 2115 singularis
357 2036 494 2128 potentia
513 2046 544 2097 et
564 2035 828 2129 miserandaqvita,
842 2033 945 2172 qugse
964 2031 1065 2170 mfelpui
1170 2080 1171 2083 ,

121 2198 161 2259 a
174 2136 392 2276 bilbili?
403 2115 667 2275 itlt'tottt
680 2113 1065 2275 {lilibidllbnll

174 2283 246 2350 tate,
268 2277 383 2337 foribus
404 2277 534 2337 effractis
554 2297 674 2338 servare
695 2296 764 2335 eum
784 2274 958 2354 potuissent,
978 2271 1064 2350 quod

173 2356 221 2416 illi
235 2357 372 2432 inermes,
385 2358 481 2419 telum
502 2357 575 2417 foris
595 2356 775 2435 flagitantes,
789 2355 895 2416 vivum
908 2351 1063 2413 tenebant

173 2436 232 2498 Cui
256 2458 326 2498 cum
349 2447 536 2498 succurreret
560 2458 657 2511 nemo,
678 2436 763 2516 Lyco
785 2434 909 2514 quidam
933 2432 1065 2512 Syracu-

120 2598 139 2659 3
172 2519 263 2658 panus
283 2539 340 2598 per
358 2518 503 2579 fenestras
523 2517 661 2599 gladium
682 2516 776 2590 dedit,
790 2534 850 2594 quo
869 2513 952 2575 Dion
969 2511 1064 2572 inter-

140 2600 159 2661 0
186 2607 269 2659 ectus
288 2596 362 2660 ests
991 2622 994 2625 “

213 2678 256 2739 Χ.
277 2679 422 2740 Confecta
443 2678 543 2753 caede,
558 2699 628 2740 oum
648 2675 814 2739 multitudo
827 2673 945 2737 visendi
960 2672 1065 2752 gratia

172 2758 332 2832 introisset,
345 2760 487 2820 nonnulli
500 2760 540 2819 ab
554 2759 655 2819 insciis
668 2778 723 2838 pro
737 2754 837 2817 noxiis
850 2754 1062 2815 conciduntur.

173 2837 255 2899 Nam
269 2839 360 2899 celeri
373 2860 494 2900 rumore
508 2840 612 2912 dilato,
628 2838 722 2899 Dioni
735 2837 801 2899 vim
821 2834 956 2906 allatam,
969 2831 1063 2893 multi

173 2928 395 2993 concurrerant,
419 2920 529 2999 quibus
556 2920 618 2980 tale
645 2918 763 2979 facinus
787 2914 972 2995 displicebat.
1013 2910 1063 2973 Hi

119 2998 159 3060 35
172 2998 250 3060 falsa
263 3019 313 3060 sus
334 2999 430 3060 icione
444 2999 528 3060 ducti
542 2999 732 3060 immerentes
751 3005 788 3058 ut
807 2995 965 3057 sceleratos
985 2993 1063 3054 ocei-

172 3080 258 3139 dunt.
335 3080 403 3157 ujus
423 3079 461 3138 de
481 3088 577 3139 morte
597 3089 632 3138 ut
652 3078 756 3157 palam
774 3076 890 3138 factum
905 3084 957 3148 est,
971 3073 1064 3134 mira·

172 3154 275 3233 biliter
288 3157 375 3234 vulgi
395 3166 514 3217 mutata
534 3166 579 3219 est
598 3158 748 3219 voluntas.
791 3157 872 3217 Nam
887 3154 940 3235 qui
953 3153 1064 3215 vivum

173 3255 242 3294 eum
257 3244 422 3315 tyrannum
436 3236 615 3309 vocitarent,
630 3236 723 3295 iidem
736 3236 929 3295 liberatorem
944 3232 1065 3312 patriae
1124 3266 1129 3273 ’

173 3313 357 3391 tyrannique
383 3313 574 3391 expulsorem
601 3314 827 3395 praedicabant.
882 3313 932 3376 Sic
960 3312 1065 3378 subito
