<?xml version="1.0" encoding="UTF-8"?>
<!DOCTYPE html PUBLIC "-//W3C//DTD XHTML 1.0 Transitional//EN"
    "http://www.w3.org/TR/xhtml1/DTD/xhtml1-transitional.dtd">
<html xmlns="http://www.w3.org/1999/xhtml" xml:lang="en" lang="en">
 <head>
  <title>
</title>
<meta http-equiv="Content-Type" content="text/html;charset=utf-8" />
  <meta name='ocr-system' content='tesseract 3.04.00' />
  <meta name='ocr-capabilities' content='ocr_page ocr_carea ocr_par ocr_line ocrx_word'/>
</head>
<body>
  <div class='ocr_page' id='page_1' title='image "./corneliinepotis00stuagoog_0085.png"; bbox 0 0 2346 3704; ppageno 0'>
   <div class='ocr_carea' id='block_1_1' title="bbox 138 85 847 151">
    <p class='ocr_par' dir='ltr' id='par_1_1' title="bbox 138 85 847 151">
     <span class='ocr_line' id='line_1_1' title="bbox 138 85 847 151; baseline -0.006 -1"><span class='ocrx_word' id='word_1_1' title='bbox 138 85 181 151; x_wconf 74' lang='lat'><strong>80</strong></span> <span class='ocrx_word' id='word_1_2' title='bbox 416 98 627 146; x_wconf 80' lang='lat' dir='ltr'><strong>coaranrr</strong></span> <span class='ocrx_word' id='word_1_3' title='bbox 655 99 847 148; x_wconf 80' lang='lat' dir='ltr'><strong>rarorrs.</strong></span> 
     </span>
    </p>
   </div>
   <div class='ocr_carea' id='block_1_2' title="bbox 135 254 1163 2797">
    <p class='ocr_par' dir='ltr' id='par_1_2' title="bbox 135 254 1163 2797">
     <span class='ocr_line' id='line_1_2' title="bbox 190 254 1163 336; baseline 0.003 -19"><span class='ocrx_word' id='word_1_4' title='bbox 190 275 260 317; x_wconf 89' lang='lat' dir='ltr'><strong>eum</strong></span> <span class='ocrx_word' id='word_1_5' title='bbox 282 254 391 316; x_wconf 81' lang='lat' dir='ltr'>habuit</span> <span class='ocrx_word' id='word_1_6' title='bbox 414 255 454 316; x_wconf 87' lang='lat' dir='ltr'><strong>ad</strong></span> <span class='ocrx_word' id='word_1_7' title='bbox 477 277 601 316; x_wconf 89' lang='lat' dir='ltr'><strong>manum</strong></span> <span class='ocrx_word' id='word_1_8' title='bbox 625 256 741 317; x_wconf 85' lang='lat' dir='ltr'><strong>scribae</strong></span> <span class='ocrx_word' id='word_1_9' title='bbox 760 257 843 329; x_wconf 88' lang='lat' dir='ltr'><strong>loco;</strong></span> <span class='ocrx_word' id='word_1_10' title='bbox 871 257 953 336; x_wconf 91' lang='lat' dir='ltr'><strong>quod</strong></span> <span class='ocrx_word' id='word_1_11' title='bbox 975 257 1094 319; x_wconf 85' lang='lat' dir='ltr'><strong>multo</strong></span> <span class='ocrx_word' id='word_1_12' title='bbox 1162 304 1163 329; x_wconf 69' lang='lat'><strong>,</strong></span> 
     </span>
     <span class='ocr_line' id='line_1_3' title="bbox 190 332 1163 415; baseline 0.001 -19"><span class='ocrx_word' id='word_1_13' title='bbox 190 336 273 414; x_wconf 88' lang='lat' dir='ltr'><strong>apud</strong></span> <span class='ocrx_word' id='word_1_14' title='bbox 284 334 392 395; x_wconf 85' lang='lat' dir='ltr'><strong>Graios</strong></span> <span class='ocrx_word' id='word_1_15' title='bbox 402 335 646 395; x_wconf 89' lang='lat' dir='ltr'><strong>honorificentius</strong></span> <span class='ocrx_word' id='word_1_16' title='bbox 660 345 704 395; x_wconf 89' lang='lat' dir='ltr'><strong>est</strong></span> <span class='ocrx_word' id='word_1_17' title='bbox 714 357 805 414; x_wconf 90' lang='lat' dir='ltr'><strong>quam</strong></span> <span class='ocrx_word' id='word_1_18' title='bbox 817 338 900 415; x_wconf 91' lang='lat' dir='ltr'><strong>apud</strong></span> <span class='ocrx_word' id='word_1_19' title='bbox 912 337 1092 398; x_wconf 80' lang='lat' dir='ltr'><strong>Romanos,</strong></span> <span class='ocrx_word' id='word_1_20' title='bbox 1162 332 1163 343; x_wconf 45' lang='lat'>¹</span> 
     </span>
     <span class='ocr_line' id='line_1_4' title="bbox 190 415 1092 492; baseline 0 -17"><span class='ocrx_word' id='word_1_21' title='bbox 190 415 275 475; x_wconf 74' lang='lat' dir='ltr'><strong>Nam·</strong></span> <span class='ocrx_word' id='word_1_22' title='bbox 286 415 368 492; x_wconf 90' lang='lat' dir='ltr'><strong>apud</strong></span> <span class='ocrx_word' id='word_1_23' title='bbox 382 435 444 487; x_wconf 86' lang='lat' dir='ltr'><strong>nos,</strong></span> <span class='ocrx_word' id='word_1_24' title='bbox 455 436 487 474; x_wconf 88' lang='lat' dir='ltr'><strong>re</strong></span> <span class='ocrx_word' id='word_1_25' title='bbox 497 435 570 475; x_wconf 88' lang='lat' dir='ltr'><strong>vera</strong></span> <span class='ocrx_word' id='word_1_26' title='bbox 583 416 661 475; x_wconf 89' lang='lat' dir='ltr'><strong>sicut</strong></span> <span class='ocrx_word' id='word_1_27' title='bbox 674 424 753 488; x_wconf 89' lang='lat' dir='ltr'><strong>sunt,</strong></span> <span class='ocrx_word' id='word_1_28' title='bbox 767 417 945 476; x_wconf 81' lang='lat' dir='ltr'>mercenarii</span> <span class='ocrx_word' id='word_1_29' title='bbox 958 417 1092 483; x_wconf 82' lang='lat' dir='ltr'><strong>scribae</strong></span> 
     </span>
     <span class='ocr_line' id='line_1_5' title="bbox 190 494 1163 579; baseline 0 -25"><span class='ocrx_word' id='word_1_30' title='bbox 190 495 418 565; x_wconf 89' lang='lat' dir='ltr'><strong>existimantur;</strong></span> <span class='ocrx_word' id='word_1_31' title='bbox 439 502 472 553; x_wconf 90' lang='lat' dir='ltr'><strong>at</strong></span> <span class='ocrx_word' id='word_1_32' title='bbox 485 494 568 571; x_wconf 90' lang='lat' dir='ltr'><strong>apud</strong></span> <span class='ocrx_word' id='word_1_33' title='bbox 581 495 649 553; x_wconf 86' lang='lat' dir='ltr'><strong>illos</strong></span> <span class='ocrx_word' id='word_1_34' title='bbox 669 495 853 555; x_wconf 90' lang='lat' dir='ltr'><strong>econtrario</strong></span> <span class='ocrx_word' id='word_1_35' title='bbox 873 515 960 555; x_wconf 90' lang='lat' dir='ltr'><strong>nemo</strong></span> <span class='ocrx_word' id='word_1_36' title='bbox 981 497 1023 555; x_wconf 90' lang='lat' dir='ltr'><strong>ad</strong></span> <span class='ocrx_word' id='word_1_37' title='bbox 1044 497 1090 554; x_wconf 89' lang='lat' dir='ltr'><strong>id</strong></span> <span class='ocrx_word' id='word_1_38' title='bbox 1162 504 1163 579; x_wconf 65' lang='lat' dir='ltr'><strong>l</strong></span> 
     </span>
     <span class='ocr_line' id='line_1_6' title="bbox 155 572 1163 645; baseline -0.001 -10"><span class='ocrx_word' id='word_1_39' title='bbox 155 575 175 635; x_wconf 83' lang='lat'><strong>5</strong></span> <span class='ocrx_word' id='word_1_40' title='bbox 189 574 320 634; x_wconf 88' lang='lat' dir='ltr'><strong>officium</strong></span> <span class='ocrx_word' id='word_1_41' title='bbox 334 573 514 645; x_wconf 80' lang='lat' dir='ltr'><strong>admittitur,</strong></span> <span class='ocrx_word' id='word_1_42' title='bbox 525 573 583 632; x_wconf 91' lang='lat' dir='ltr'><strong>nisi</strong></span> <span class='ocrx_word' id='word_1_43' title='bbox 597 573 720 639; x_wconf 88' lang='lat' dir='ltr'><strong>honesto</strong></span> <span class='ocrx_word' id='word_1_44' title='bbox 734 572 800 633; x_wconf 93' lang='lat' dir='ltr'><strong>loco</strong></span> <span class='ocrx_word' id='word_1_45' title='bbox 814 583 844 633; x_wconf 91' lang='lat' dir='ltr'><strong>et</strong></span> <span class='ocrx_word' id='word_1_46' title='bbox 857 574 917 633; x_wconf 93' lang='lat' dir='ltr'><strong>fide</strong></span> <span class='ocrx_word' id='word_1_47' title='bbox 930 583 961 634; x_wconf 86' lang='lat' dir='ltr'><strong>et</strong></span> <span class='ocrx_word' id='word_1_48' title='bbox 974 575 1089 634; x_wconf 85' lang='lat' dir='ltr'><strong>indus—</strong></span> <span class='ocrx_word' id='word_1_49' title='bbox 1162 588 1163 613; x_wconf 63' lang='lat'>¹</span> 
     </span>
     <span class='ocr_line' id='line_1_7' title="bbox 189 653 1163 743; baseline 0 -29"><span class='ocrx_word' id='word_1_50' title='bbox 189 655 249 714; x_wconf 89' lang='lat' dir='ltr'><strong>tria</strong></span> <span class='ocrx_word' id='word_1_51' title='bbox 266 654 403 732; x_wconf 89' lang='lat' dir='ltr'><strong>cognita;</strong></span> <span class='ocrx_word' id='word_1_52' title='bbox 424 653 505 730; x_wconf 91' lang='lat' dir='ltr'><strong>quod</strong></span> <span class='ocrx_word' id='word_1_53' title='bbox 525 673 642 712; x_wconf 76' lang='lat' dir='ltr'><strong>necesse</strong></span> <span class='ocrx_word' id='word_1_54' title='bbox 661 661 705 712; x_wconf 79' lang='lat' dir='ltr'><strong>est</strong></span> <span class='ocrx_word' id='word_1_55' title='bbox 725 653 861 712; x_wconf 90' lang='lat' dir='ltr'><strong>omnium</strong></span> <span class='ocrx_word' id='word_1_56' title='bbox 881 653 1088 714; x_wconf 86' lang='lat' dir='ltr'><strong>consiliorum</strong></span> <span class='ocrx_word' id='word_1_57' title='bbox 1162 654 1163 743; x_wconf 66' lang='lat' dir='ltr'><strong>l</strong></span> 
     </span>
     <span class='ocr_line' id='line_1_8' title="bbox 189 731 1088 825; baseline 0.001 -32"><span class='ocrx_word' id='word_1_58' title='bbox 189 754 258 794; x_wconf 91' lang='lat' dir='ltr'><strong>eum</strong></span> <span class='ocrx_word' id='word_1_59' title='bbox 278 754 340 792; x_wconf 88' lang='lat' dir='ltr'><strong>esse</strong></span> <span class='ocrx_word' id='word_1_60' title='bbox 360 732 547 825; x_wconf 78' lang='lat' dir='ltr'><strong>participem.</strong></span> <span class='ocrx_word' id='word_1_61' title='bbox 588 731 683 791; x_wconf 91' lang='lat' dir='ltr'><strong>Hunc</strong></span> <span class='ocrx_word' id='word_1_62' title='bbox 697 731 798 791; x_wconf 91' lang='lat' dir='ltr'><strong>locum</strong></span> <span class='ocrx_word' id='word_1_63' title='bbox 811 732 909 792; x_wconf 86' lang='lat' dir='ltr'><strong>tenuit</strong></span> <span class='ocrx_word' id='word_1_64' title='bbox 923 734 1088 794; x_wconf 84' lang='lat' dir='ltr'><strong>amicitiae</strong></span> 
     </span>
     <span class='ocr_line' id='line_1_9' title="bbox 188 810 1087 893; baseline -0.001 -19"><span class='ocrx_word' id='word_1_65' title='bbox 188 814 272 893; x_wconf 92' lang='lat' dir='ltr'><strong>apud</strong></span> <span class='ocrx_word' id='word_1_66' title='bbox 285 812 463 890; x_wconf 79' lang='lat' dir='ltr'><strong>Philippum</strong></span> <span class='ocrx_word' id='word_1_67' title='bbox 484 830 578 870; x_wconf 88' lang='lat' dir='ltr'><strong>annos</strong></span> <span class='ocrx_word' id='word_1_68' title='bbox 601 820 724 889; x_wconf 91' lang='lat' dir='ltr'><strong>septem.</strong></span> <span class='ocrx_word' id='word_1_69' title='bbox 766 810 826 871; x_wconf 84' lang='lat'>1110</span> <span class='ocrx_word' id='word_1_70' title='bbox 848 812 1016 886; x_wconf 86' lang='lat' dir='ltr'><strong>interfecto,</strong></span> <span class='ocrx_word' id='word_1_71' title='bbox 1031 835 1087 873; x_wconf 88' lang='lat' dir='ltr'><strong>eo-</strong></span> 
     </span>
     <span class='ocr_line' id='line_1_10' title="bbox 189 889 1084 972; baseline 0.001 -19"><span class='ocrx_word' id='word_1_72' title='bbox 189 894 258 953; x_wconf 91' lang='lat' dir='ltr'><strong>dem</strong></span> <span class='ocrx_word' id='word_1_73' title='bbox 278 892 375 972; x_wconf 85' lang='lat' dir='ltr'><strong>gradu</strong></span> <span class='ocrx_word' id='word_1_74' title='bbox 395 892 454 950; x_wconf 86' lang='lat' dir='ltr'><strong>fuit</strong></span> <span class='ocrx_word' id='word_1_75' title='bbox 473 891 557 969; x_wconf 89' lang='lat' dir='ltr'><strong>apud</strong></span> <span class='ocrx_word' id='word_1_76' title='bbox 570 889 784 950; x_wconf 79' lang='lat' dir='ltr'><strong>Alexandrum</strong></span> <span class='ocrx_word' id='word_1_77' title='bbox 805 911 899 952; x_wconf 88' lang='lat' dir='ltr'><strong>annos</strong></span> <span class='ocrx_word' id='word_1_78' title='bbox 919 893 1084 954; x_wconf 84' lang='lat' dir='ltr'><strong>tredecim.</strong></span> 
     </span>
     <span class='ocr_line' id='line_1_11' title="bbox 135 970 1163 1051; baseline -0.005 -14"><span class='ocrx_word' id='word_1_79' title='bbox 135 977 175 1038; x_wconf 90' lang='lat'><strong>10</strong></span> <span class='ocrx_word' id='word_1_80' title='bbox 188 973 359 1035; x_wconf 87' lang='lat' dir='ltr'><strong>Novissimo</strong></span> <span class='ocrx_word' id='word_1_81' title='bbox 380 980 514 1049; x_wconf 87' lang='lat' dir='ltr'><strong>tempore</strong></span> <span class='ocrx_word' id='word_1_82' title='bbox 537 970 669 1050; x_wconf 84' lang='lat' dir='ltr'><strong>praefuit</strong></span> <span class='ocrx_word' id='word_1_83' title='bbox 693 971 785 1031; x_wconf 86' lang='lat' dir='ltr'><strong>etiarn</strong></span> <span class='ocrx_word' id='word_1_84' title='bbox 804 971 918 1032; x_wconf 85' lang='lat' dir='ltr'><strong>alterae</strong></span> <span class='ocrx_word' id='word_1_85' title='bbox 938 974 1083 1051; x_wconf 89' lang='lat' dir='ltr'><strong>equitum</strong></span> <span class='ocrx_word' id='word_1_86' title='bbox 1162 990 1163 1045; x_wconf 66' lang='lat' dir='ltr'><strong>j</strong></span> 
     </span>
     <span class='ocr_line' id='line_1_12' title="bbox 188 1050 1082 1131; baseline -0.002 -17"><span class='ocrx_word' id='word_1_87' title='bbox 188 1054 264 1126; x_wconf 90' lang='lat' dir='ltr'><strong>alae,</strong></span> <span class='ocrx_word' id='word_1_88' title='bbox 278 1073 355 1131; x_wconf 90' lang='lat' dir='ltr'><strong>quae</strong></span> <span class='ocrx_word' id='word_1_89' title='bbox 375 1051 537 1111; x_wconf 83' lang='lat' dir='ltr'><strong>Hetaerice</strong></span> <span class='ocrx_word' id='word_1_90' title='bbox 557 1050 778 1129; x_wconf 89' lang='lat' dir='ltr'><strong>appellabatur.</strong></span> <span class='ocrx_word' id='word_1_91' title='bbox 820 1050 952 1131; x_wconf 90' lang='lat' dir='ltr'><strong>Utrique</strong></span> <span class='ocrx_word' id='word_1_92' title='bbox 972 1062 1082 1112; x_wconf 88' lang='lat' dir='ltr'><strong>autem</strong></span> 
     </span>
     <span class='ocr_line' id='line_1_13' title="bbox 187 1130 1082 1209; baseline 0 -16"><span class='ocrx_word' id='word_1_93' title='bbox 187 1134 220 1193; x_wconf 87' lang='lat' dir='ltr'><strong>in</strong></span> <span class='ocrx_word' id='word_1_94' title='bbox 242 1133 365 1194; x_wconf 88' lang='lat' dir='ltr'><strong>consilio</strong></span> <span class='ocrx_word' id='word_1_95' title='bbox 386 1151 504 1209; x_wconf 78' lang='lat' dir='ltr'><strong>semper</strong></span> <span class='ocrx_word' id='word_1_96' title='bbox 523 1130 612 1191; x_wconf 85' lang='lat' dir='ltr'><strong>affuit</strong></span> <span class='ocrx_word' id='word_1_97' title='bbox 633 1141 663 1190; x_wconf 90' lang='lat' dir='ltr'><strong>et</strong></span> <span class='ocrx_word' id='word_1_98' title='bbox 684 1131 820 1191; x_wconf 91' lang='lat' dir='ltr'><strong>omnium</strong></span> <span class='ocrx_word' id='word_1_99' title='bbox 838 1152 939 1191; x_wconf 90' lang='lat' dir='ltr'><strong>rerum</strong></span> <span class='ocrx_word' id='word_1_100' title='bbox 952 1132 1082 1193; x_wconf 90' lang='lat' dir='ltr'><strong>habitus</strong></span> 
     </span>
     <span class='ocr_line' id='line_1_14' title="bbox 188 1213 402 1290; baseline -0.009 -17"><span class='ocrx_word' id='word_1_101' title='bbox 188 1224 233 1282; x_wconf 80' lang='lat' dir='ltr'><strong>cst</strong></span> <span class='ocrx_word' id='word_1_102' title='bbox 267 1213 402 1290; x_wconf 88' lang='lat' dir='ltr'><strong>articeps.</strong></span> 
     </span>
     <span class='ocr_line' id='line_1_15' title="bbox 228 1234 1082 1372; baseline 0.001 -20"><span class='ocrx_word' id='word_1_103' title='bbox 228 1234 271 1352; x_wconf 81' lang='lat' dir='ltr'><strong>ll.</strong></span> <span class='ocrx_word' id='word_1_104' title='bbox 291 1292 505 1352; x_wconf 75' lang='lat' dir='ltr'><strong>Annxurrnao</strong></span> <span class='ocrx_word' id='word_1_105' title='bbox 518 1288 676 1370; x_wconf 87' lang='lat' dir='ltr'><strong>Babylone</strong></span> <span class='ocrx_word' id='word_1_106' title='bbox 688 1300 817 1365; x_wconf 89' lang='lat' dir='ltr'><strong>mortuo,</strong></span> <span class='ocrx_word' id='word_1_107' title='bbox 828 1313 897 1352; x_wconf 91' lang='lat' dir='ltr'><strong>cum</strong></span> <span class='ocrx_word' id='word_1_108' title='bbox 911 1313 1005 1372; x_wconf 86' lang='lat' dir='ltr'><strong>regna</strong></span> <span class='ocrx_word' id='word_1_109' title='bbox 1019 1293 1082 1353; x_wconf 90' lang='lat' dir='ltr'><strong>sin·</strong></span> 
     </span>
     <span class='ocr_line' id='line_1_16' title="bbox 136 1372 1081 1453; baseline 0.002 -22"><span class='ocrx_word' id='word_1_110' title='bbox 136 1378 175 1439; x_wconf 85' lang='lat'><strong>15</strong></span> <span class='ocrx_word' id='word_1_111' title='bbox 188 1373 268 1453; x_wconf 84' lang='lat' dir='ltr'><strong>gulis</strong></span> <span class='ocrx_word' id='word_1_112' title='bbox 295 1372 496 1431; x_wconf 85' lang='lat' dir='ltr'><strong>familiaribus</strong></span> <span class='ocrx_word' id='word_1_113' title='bbox 524 1372 754 1450; x_wconf 88' lang='lat' dir='ltr'><strong>dispertirentur</strong></span> <span class='ocrx_word' id='word_1_114' title='bbox 777 1380 807 1432; x_wconf 93' lang='lat' dir='ltr'><strong>et</strong></span> <span class='ocrx_word' id='word_1_115' title='bbox 831 1393 949 1433; x_wconf 89' lang='lat' dir='ltr'><strong>summa</strong></span> <span class='ocrx_word' id='word_1_116' title='bbox 973 1394 1081 1434; x_wconf 91' lang='lat' dir='ltr'><strong>rerum</strong></span> 
     </span>
     <span class='ocr_line' id='line_1_17' title="bbox 189 1451 1081 1522; baseline 0 -9"><span class='ocrx_word' id='word_1_117' title='bbox 189 1453 303 1514; x_wconf 88' lang='lat' dir='ltr'><strong>tradita</strong></span> <span class='ocrx_word' id='word_1_118' title='bbox 324 1461 399 1512; x_wconf 89' lang='lat' dir='ltr'><strong>esset</strong></span> <span class='ocrx_word' id='word_1_119' title='bbox 421 1452 535 1512; x_wconf 91' lang='lat' dir='ltr'><strong>tuenda</strong></span> <span class='ocrx_word' id='word_1_120' title='bbox 557 1452 662 1522; x_wconf 81' lang='lat' dir='ltr'><strong>eidem,</strong></span> <span class='ocrx_word' id='word_1_121' title='bbox 682 1451 733 1511; x_wconf 89' lang='lat' dir='ltr'><strong>cui</strong></span> <span class='ocrx_word' id='word_1_122' title='bbox 745 1451 923 1512; x_wconf 84' lang='lat' dir='ltr'><strong>Alexander</strong></span> <span class='ocrx_word' id='word_1_123' title='bbox 944 1455 1081 1514; x_wconf 86' lang='lat' dir='ltr'><strong>moriens</strong></span> 
     </span>
     <span class='ocr_line' id='line_1_18' title="bbox 189 1532 1082 1611; baseline 0 -18"><span class='ocrx_word' id='word_1_124' title='bbox 189 1534 338 1594; x_wconf 91' lang='lat' dir='ltr'><strong>annulum</strong></span> <span class='ocrx_word' id='word_1_125' title='bbox 365 1552 453 1591; x_wconf 92' lang='lat' dir='ltr'><strong>suum</strong></span> <span class='ocrx_word' id='word_1_126' title='bbox 477 1533 609 1603; x_wconf 87' lang='lat' dir='ltr'><strong>dederat,</strong></span> <span class='ocrx_word' id='word_1_127' title='bbox 632 1532 803 1605; x_wconf 89' lang='lat' dir='ltr'><strong>Perdiccae,</strong></span> <span class='ocrx_word' id='word_1_128' title='bbox 827 1553 866 1591; x_wconf 91' lang='lat' dir='ltr'><strong>ex</strong></span> <span class='ocrx_word' id='word_1_129' title='bbox 889 1553 949 1611; x_wconf 92' lang='lat' dir='ltr'><strong>quc</strong></span> <span class='ocrx_word' id='word_1_130' title='bbox 973 1553 1082 1594; x_wconf 90' lang='lat' dir='ltr'><strong>omnes</strong></span> 
     </span>
     <span class='ocr_line' id='line_1_19' title="bbox 190 1612 1079 1693; baseline 0 -19"><span class='ocrx_word' id='word_1_131' title='bbox 190 1615 386 1693; x_wconf 87' lang='lat' dir='ltr'><strong>conjecerant,</strong></span> <span class='ocrx_word' id='word_1_132' title='bbox 414 1632 483 1671; x_wconf 90' lang='lat' dir='ltr'><strong>eum</strong></span> <span class='ocrx_word' id='word_1_133' title='bbox 511 1632 638 1690; x_wconf 85' lang='lat' dir='ltr'><strong>reguum</strong></span> <span class='ocrx_word' id='word_1_134' title='bbox 665 1612 693 1671; x_wconf 91' lang='lat' dir='ltr'><strong>ei</strong></span> <span class='ocrx_word' id='word_1_135' title='bbox 720 1613 950 1685; x_wconf 86' lang='lat' dir='ltr'><strong>commendasse,</strong></span> <span class='ocrx_word' id='word_1_136' title='bbox 975 1615 1079 1692; x_wconf 90' lang='lat' dir='ltr'><strong>quoad</strong></span> 
     </span>
     <span class='ocr_line' id='line_1_20' title="bbox 189 1691 1080 1772; baseline 0 -18"><span class='ocrx_word' id='word_1_137' title='bbox 189 1693 278 1754; x_wconf 88' lang='lat' dir='ltr'><strong>liberi</strong></span> <span class='ocrx_word' id='word_1_138' title='bbox 300 1695 363 1772; x_wconf 88' lang='lat' dir='ltr'><strong>ejus</strong></span> <span class='ocrx_word' id='word_1_139' title='bbox 384 1692 417 1751; x_wconf 93' lang='lat' dir='ltr'><strong>in</strong></span> <span class='ocrx_word' id='word_1_140' title='bbox 441 1712 527 1752; x_wconf 85' lang='lat' dir='ltr'><strong>suam</strong></span> <span class='ocrx_word' id='word_1_141' title='bbox 551 1691 680 1752; x_wconf 90' lang='lat' dir='ltr'><strong>tutelam</strong></span> <span class='ocrx_word' id='word_1_142' title='bbox 703 1693 908 1771; x_wconf 89' lang='lat' dir='ltr'><strong>pervenissent</strong></span> <span class='ocrx_word' id='word_1_143' title='bbox 934 1692 1080 1770; x_wconf 91' lang='lat' dir='ltr'><strong>(aberant</strong></span> 
     </span>
     <span class='ocr_line' id='line_1_21' title="bbox 135 1771 1078 1850; baseline 0 -15"><span class='ocrx_word' id='word_1_144' title='bbox 135 1779 176 1841; x_wconf 78' lang='grc'><strong>20</strong></span> <span class='ocrx_word' id='word_1_145' title='bbox 189 1775 269 1836; x_wconf 92' lang='lat' dir='ltr'><strong>enim</strong></span> <span class='ocrx_word' id='word_1_146' title='bbox 294 1773 436 1834; x_wconf 78' lang='lat' dir='ltr'><strong>Craterus</strong></span> <span class='ocrx_word' id='word_1_147' title='bbox 464 1781 494 1832; x_wconf 92' lang='lat' dir='ltr'><strong>et</strong></span> <span class='ocrx_word' id='word_1_148' title='bbox 517 1771 691 1850; x_wconf 83' lang='lat' dir='ltr'><strong>Antipater,</strong></span> <span class='ocrx_word' id='word_1_149' title='bbox 712 1773 765 1850; x_wconf 93' lang='lat' dir='ltr'><strong>qui</strong></span> <span class='ocrx_word' id='word_1_150' title='bbox 792 1773 966 1834; x_wconf 88' lang='lat' dir='ltr'><strong>antecedere</strong></span> <span class='ocrx_word' id='word_1_151' title='bbox 993 1774 1078 1835; x_wconf 94' lang='lat' dir='ltr'><strong>hunc</strong></span> 
     </span>
     <span class='ocr_line' id='line_1_22' title="bbox 189 1851 1077 1932; baseline -0.003 -16"><span class='ocrx_word' id='word_1_152' title='bbox 189 1854 389 1925; x_wconf 87' lang='lat' dir='ltr'><strong>videbantur;</strong></span> <span class='ocrx_word' id='word_1_153' title='bbox 409 1861 546 1912; x_wconf 90' lang='lat' dir='ltr'><strong>mortuus</strong></span> <span class='ocrx_word' id='word_1_154' title='bbox 566 1861 631 1911; x_wconf 89' lang='lat' dir='ltr'><strong>erat</strong></span> <span class='ocrx_word' id='word_1_155' title='bbox 651 1851 847 1930; x_wconf 84' lang='lat' dir='ltr'><strong>Hephaestio,</strong></span> <span class='ocrx_word' id='word_1_156' title='bbox 869 1874 958 1932; x_wconf 90' lang='lat' dir='ltr'><strong>quem</strong></span> <span class='ocrx_word' id='word_1_157' title='bbox 978 1874 1077 1914; x_wconf 89' lang='lat' dir='ltr'><strong>unum</strong></span> 
     </span>
     <span class='ocr_line' id='line_1_23' title="bbox 189 1931 1077 2012; baseline -0.002 -16"><span class='ocrx_word' id='word_1_158' title='bbox 189 1934 375 2007; x_wconf 89' lang='lat' dir='ltr'><strong>Alexander,</strong></span> <span class='ocrx_word' id='word_1_159' title='bbox 390 1933 470 2012; x_wconf 92' lang='lat' dir='ltr'><strong>quod</strong></span> <span class='ocrx_word' id='word_1_160' title='bbox 484 1931 573 1992; x_wconf 88' lang='lat' dir='ltr'><strong>facile</strong></span> <span class='ocrx_word' id='word_1_161' title='bbox 593 1931 724 2012; x_wconf 85' lang='lat' dir='ltr'><strong>intelligi</strong></span> <span class='ocrx_word' id='word_1_162' title='bbox 744 1941 850 2012; x_wconf 89' lang='lat' dir='ltr'><strong>posset,</strong></span> <span class='ocrx_word' id='word_1_163' title='bbox 863 1933 988 2012; x_wconf 89' lang='lat' dir='ltr'><strong>plurimi</strong></span> <span class='ocrx_word' id='word_1_164' title='bbox 1002 1935 1077 1995; x_wconf 84' lang='lat' dir='ltr'><strong>fece-</strong></span> 
     </span>
     <span class='ocr_line' id='line_1_24' title="bbox 189 2012 1076 2094; baseline -0.001 -18"><span class='ocrx_word' id='word_1_165' title='bbox 189 2020 252 2094; x_wconf 87' lang='lat' dir='ltr'><strong>rat)</strong></span> <span class='ocrx_word' id='word_1_166' title='bbox 266 2037 273 2075; x_wconf 86' lang='lat'>:</span> <span class='ocrx_word' id='word_1_167' title='bbox 293 2015 351 2074; x_wconf 92' lang='lat' dir='ltr'><strong>hcc</strong></span> <span class='ocrx_word' id='word_1_168' title='bbox 364 2024 498 2091; x_wconf 91' lang='lat' dir='ltr'><strong>tempore</strong></span> <span class='ocrx_word' id='word_1_169' title='bbox 512 2012 585 2071; x_wconf 91' lang='lat' dir='ltr'><strong>data</strong></span> <span class='ocrx_word' id='word_1_170' title='bbox 598 2020 642 2072; x_wconf 91' lang='lat' dir='ltr'><strong>est</strong></span> <span class='ocrx_word' id='word_1_171' title='bbox 656 2012 787 2072; x_wconf 90' lang='lat' dir='ltr'><strong>Eumeni</strong></span> <span class='ocrx_word' id='word_1_172' title='bbox 802 2012 1002 2092; x_wconf 84' lang='lat' dir='ltr'><strong>Cappadocia,</strong></span> <span class='ocrx_word' id='word_1_173' title='bbox 1012 2014 1076 2075; x_wconf 89' lang='lat' dir='ltr'><strong>sive</strong></span> 
     </span>
     <span class='ocr_line' id='line_1_25' title="bbox 211 2091 1074 2173; baseline -0.001 -17"><span class='ocrx_word' id='word_1_174' title='bbox 211 2097 289 2156; x_wconf 89' lang='lat' dir='ltr'><strong>otius</strong></span> <span class='ocrx_word' id='word_1_175' title='bbox 306 2095 395 2154; x_wconf 91' lang='lat' dir='ltr'><strong>dicta.</strong></span> <span class='ocrx_word' id='word_1_176' title='bbox 437 2092 519 2153; x_wconf 86' lang='lat' dir='ltr'><strong>Nam</strong></span> <span class='ocrx_word' id='word_1_177' title='bbox 540 2100 607 2152; x_wconf 91' lang='lat' dir='ltr'><strong>tum</strong></span> <span class='ocrx_word' id='word_1_178' title='bbox 626 2091 659 2151; x_wconf 93' lang='lat' dir='ltr'><strong>in</strong></span> <span class='ocrx_word' id='word_1_179' title='bbox 680 2092 811 2153; x_wconf 88' lang='lat' dir='ltr'><strong>hostium</strong></span> <span class='ocrx_word' id='word_1_180' title='bbox 834 2103 899 2152; x_wconf 91' lang='lat' dir='ltr'><strong>erat</strong></span> <span class='ocrx_word' id='word_1_181' title='bbox 921 2103 1074 2173; x_wconf 88' lang='lat' dir='ltr'><strong>potestate.</strong></span> 
     </span>
     <span class='ocr_line' id='line_1_26' title="bbox 136 2173 1076 2253; baseline -0.003 -15"><span class='ocrx_word' id='word_1_182' title='bbox 136 2177 175 2238; x_wconf 73' lang='lat'><strong>25</strong></span> <span class='ocrx_word' id='word_1_183' title='bbox 225 2196 284 2235; x_wconf 89' lang='lat' dir='ltr'><strong>unc</strong></span> <span class='ocrx_word' id='word_1_184' title='bbox 304 2174 362 2234; x_wconf 89' lang='lat' dir='ltr'><strong>sibi</strong></span> <span class='ocrx_word' id='word_1_185' title='bbox 382 2173 541 2234; x_wconf 85' lang='lat' dir='ltr'><strong>Perdiccas</strong></span> <span class='ocrx_word' id='word_1_186' title='bbox 555 2173 737 2252; x_wconf 90' lang='lat' dir='ltr'><strong>adjunxerat</strong></span> <span class='ocrx_word' id='word_1_187' title='bbox 750 2194 860 2251; x_wconf 82' lang='lat' dir='ltr'><strong>magno</strong></span> <span class='ocrx_word' id='word_1_188' title='bbox 873 2173 982 2247; x_wconf 90' lang='lat' dir='ltr'><strong>studio,</strong></span> <span class='ocrx_word' id='word_1_189' title='bbox 995 2175 1076 2253; x_wconf 90' lang='lat' dir='ltr'><strong>quod</strong></span> 
     </span>
     <span class='ocr_line' id='line_1_27' title="bbox 189 2253 1075 2331; baseline -0.001 -16"><span class='ocrx_word' id='word_1_190' title='bbox 189 2257 222 2315; x_wconf 92' lang='lat' dir='ltr'><strong>in</strong></span> <span class='ocrx_word' id='word_1_191' title='bbox 236 2255 357 2315; x_wconf 91' lang='lat' dir='ltr'><strong>homine</strong></span> <span class='ocrx_word' id='word_1_192' title='bbox 370 2254 460 2313; x_wconf 90' lang='lat' dir='ltr'><strong>fidem</strong></span> <span class='ocrx_word' id='word_1_193' title='bbox 474 2262 505 2313; x_wconf 92' lang='lat' dir='ltr'><strong>et</strong></span> <span class='ocrx_word' id='word_1_194' title='bbox 518 2253 698 2313; x_wconf 86' lang='lat' dir='ltr'><strong>industriam</strong></span> <span class='ocrx_word' id='word_1_195' title='bbox 713 2273 854 2331; x_wconf 89' lang='lat' dir='ltr'><strong>magnam</strong></span> <span class='ocrx_word' id='word_1_196' title='bbox 868 2254 1000 2322; x_wconf 84' lang='lat' dir='ltr'><strong>videbat,</strong></span> <span class='ocrx_word' id='word_1_197' title='bbox 1015 2276 1075 2315; x_wconf 90' lang='lat' dir='ltr'><strong>non</strong></span> 
     </span>
     <span class='ocr_line' id='line_1_28' title="bbox 189 2333 1075 2412; baseline -0.002 -16"><span class='ocrx_word' id='word_1_198' title='bbox 189 2336 340 2407; x_wconf 88' lang='lat' dir='ltr'><strong>dubitans,</strong></span> <span class='ocrx_word' id='word_1_199' title='bbox 353 2334 378 2394; x_wconf 90' lang='lat' dir='ltr'><strong>si</strong></span> <span class='ocrx_word' id='word_1_200' title='bbox 399 2354 468 2393; x_wconf 90' lang='lat' dir='ltr'><strong>eum</strong></span> <span class='ocrx_word' id='word_1_201' title='bbox 489 2334 663 2412; x_wconf 89' lang='lat' dir='ltr'><strong>pellixisset,</strong></span> <span class='ocrx_word' id='word_1_202' title='bbox 677 2354 787 2411; x_wconf 86' lang='lat' dir='ltr'><strong>magno</strong></span> <span class='ocrx_word' id='word_1_203' title='bbox 808 2333 876 2393; x_wconf 89' lang='lat' dir='ltr'><strong>usui</strong></span> <span class='ocrx_word' id='word_1_204' title='bbox 896 2335 959 2394; x_wconf 86' lang='lat' dir='ltr'><strong>fore</strong></span> <span class='ocrx_word' id='word_1_205' title='bbox 972 2334 1030 2394; x_wconf 89' lang='lat' dir='ltr'><strong>sibi</strong></span> <span class='ocrx_word' id='word_1_206' title='bbox 1043 2336 1075 2394; x_wconf 89' lang='lat' dir='ltr'><strong>in</strong></span> 
     </span>
     <span class='ocr_line' id='line_1_29' title="bbox 188 2412 1074 2494; baseline 0.001 -19"><span class='ocrx_word' id='word_1_207' title='bbox 188 2417 236 2476; x_wconf 90' lang='lat' dir='ltr'><strong>his</strong></span> <span class='ocrx_word' id='word_1_208' title='bbox 263 2414 360 2487; x_wconf 90' lang='lat' dir='ltr'><strong>rebus,</strong></span> <span class='ocrx_word' id='word_1_209' title='bbox 384 2434 464 2493; x_wconf 80' lang='lat' dir='ltr'><strong>quas.</strong></span> <span class='ocrx_word' id='word_1_210' title='bbox 485 2413 660 2492; x_wconf 88' lang='lat' dir='ltr'><strong>apparabat.</strong></span> <span class='ocrx_word' id='word_1_211' title='bbox 702 2412 862 2492; x_wconf 82' lang='lat' dir='ltr'><strong>Cogitabat</strong></span> <span class='ocrx_word' id='word_1_212' title='bbox 886 2415 975 2487; x_wconf 86' lang='lat' dir='ltr'><strong>enirn,</strong></span> <span class='ocrx_word' id='word_1_213' title='bbox 996 2416 1074 2494; x_wconf 91' lang='lat' dir='ltr'><strong>quod</strong></span> 
     </span>
     <span class='ocr_line' id='line_1_30' title="bbox 189 2493 1073 2572; baseline -0.002 -15"><span class='ocrx_word' id='word_1_214' title='bbox 189 2497 251 2557; x_wconf 87' lang='lat' dir='ltr'><strong>fere</strong></span> <span class='ocrx_word' id='word_1_215' title='bbox 265 2515 366 2555; x_wconf 91' lang='lat' dir='ltr'><strong>omnes</strong></span> <span class='ocrx_word' id='word_1_216' title='bbox 380 2494 413 2553; x_wconf 90' lang='lat' dir='ltr'><strong>in</strong></span> <span class='ocrx_word' id='word_1_217' title='bbox 426 2495 544 2572; x_wconf 89' lang='lat' dir='ltr'><strong>magnis</strong></span> <span class='ocrx_word' id='word_1_218' title='bbox 558 2493 691 2572; x_wconf 90' lang='lat' dir='ltr'><strong>imperiis</strong></span> <span class='ocrx_word' id='word_1_219' title='bbox 706 2513 801 2553; x_wconf 90' lang='lat' dir='ltr'><strong>concu</strong></span> <span class='ocrx_word' id='word_1_220' title='bbox 822 2495 929 2567; x_wconf 90' lang='lat' dir='ltr'><strong>iscunt,</strong></span> <span class='ocrx_word' id='word_1_221' title='bbox 941 2496 1073 2555; x_wconf 90' lang='lat' dir='ltr'><strong>omnium</strong></span> 
     </span>
     <span class='ocr_line' id='line_1_31' title="bbox 136 2574 1073 2657; baseline -0.003 -18"><span class='ocrx_word' id='word_1_222' title='bbox 136 2577 176 2639; x_wconf 84' lang='lat'><strong>30</strong></span> <span class='ocrx_word' id='word_1_223' title='bbox 189 2585 291 2657; x_wconf 85' lang='lat' dir='ltr'><strong>partes</strong></span> <span class='ocrx_word' id='word_1_224' title='bbox 311 2575 460 2653; x_wconf 88' lang='lat' dir='ltr'><strong>corripere</strong></span> <span class='ocrx_word' id='word_1_225' title='bbox 480 2581 572 2652; x_wconf 90' lang='lat' dir='ltr'><strong>atque</strong></span> <span class='ocrx_word' id='word_1_226' title='bbox 592 2574 759 2652; x_wconf 82' lang='lat' dir='ltr'><strong>complecti</strong></span> <span class='ocrx_word' id='word_1_227' title='bbox 829 2594 907 2652; x_wconf 88' lang='lat' dir='ltr'><strong>eque</strong></span> <span class='ocrx_word' id='word_1_228' title='bbox 927 2595 999 2636; x_wconf 90' lang='lat' dir='ltr'><strong>vero</strong></span> <span class='ocrx_word' id='word_1_229' title='bbox 1020 2575 1073 2636; x_wconf 92' lang='lat' dir='ltr'><strong>hoc</strong></span> 
     </span>
     <span class='ocr_line' id='line_1_32' title="bbox 189 2653 1073 2732; baseline -0.001 -16"><span class='ocrx_word' id='word_1_230' title='bbox 189 2657 242 2716; x_wconf 92' lang='lat' dir='ltr'><strong>ille</strong></span> <span class='ocrx_word' id='word_1_231' title='bbox 256 2654 336 2715; x_wconf 91' lang='lat' dir='ltr'><strong>solus</strong></span> <span class='ocrx_word' id='word_1_232' title='bbox 350 2656 428 2727; x_wconf 89' lang='lat' dir='ltr'><strong>fecit,</strong></span> <span class='ocrx_word' id='word_1_233' title='bbox 443 2654 494 2714; x_wconf 90' lang='lat' dir='ltr'><strong>sed</strong></span> <span class='ocrx_word' id='word_1_234' title='bbox 515 2654 605 2713; x_wconf 91' lang='lat' dir='ltr'><strong>ceteri</strong></span> <span class='ocrx_word' id='word_1_235' title='bbox 619 2674 738 2732; x_wconf 91' lang='lat' dir='ltr'><strong>quoque</strong></span> <span class='ocrx_word' id='word_1_236' title='bbox 751 2674 862 2726; x_wconf 90' lang='lat' dir='ltr'><strong>omnes,</strong></span> <span class='ocrx_word' id='word_1_237' title='bbox 896 2653 928 2713; x_wconf 91' lang='lat' dir='ltr'><strong>ui</strong></span> <span class='ocrx_word' id='word_1_238' title='bbox 943 2654 1073 2715; x_wconf 89' lang='lat' dir='ltr'><strong>Alexan-</strong></span> 
     </span>
     <span class='ocr_line' id='line_1_33' title="bbox 190 2733 1072 2797; baseline -0.003 0"><span class='ocrx_word' id='word_1_239' title='bbox 190 2738 237 2797; x_wconf 89' lang='lat' dir='ltr'><strong>dri</strong></span> <span class='ocrx_word' id='word_1_240' title='bbox 251 2736 371 2795; x_wconf 86' lang='lat' dir='ltr'><strong>fuerant</strong></span> <span class='ocrx_word' id='word_1_241' title='bbox 391 2734 489 2794; x_wconf 86' lang='lat' dir='ltr'><strong>amici.</strong></span> <span class='ocrx_word' id='word_1_242' title='bbox 530 2734 651 2793; x_wconf 89' lang='lat' dir='ltr'><strong>Primus</strong></span> <span class='ocrx_word' id='word_1_243' title='bbox 671 2733 845 2793; x_wconf 88' lang='lat' dir='ltr'><strong>Leonnatus</strong></span> <span class='ocrx_word' id='word_1_244' title='bbox 901 2734 1072 2795; x_wconf 89' lang='lat' dir='ltr'><strong>acedoniam</strong></span> 
     </span>
    </p>
   </div>
   <div class='ocr_carea' id='block_1_3' title="bbox 137 2813 1073 3213">
    <p class='ocr_par' dir='ltr' id='par_1_3' title="bbox 137 2813 1073 3213">
     <span class='ocr_line' id='line_1_34' title="bbox 211 2813 1073 2893; baseline -0.005 -15"><span class='ocrx_word' id='word_1_245' title='bbox 211 2814 632 2893; x_wconf 83' lang='lat' dir='ltr'><strong>raeoccuparedestinaverat</strong></span> <span class='ocrx_word' id='word_1_246' title='bbox 671 2813 817 2873; x_wconf 87' lang='lat' dir='ltr'><strong>lsmultis</strong></span> <span class='ocrx_word' id='word_1_247' title='bbox 827 2814 1005 2892; x_wconf 89' lang='lat' dir='ltr'><strong>magnisque</strong></span> <span class='ocrx_word' id='word_1_248' title='bbox 1035 2815 1073 2876; x_wconf 92' lang='lat' dir='ltr'><strong>cl-</strong></span> 
     </span>
     <span class='ocr_line' id='line_1_35' title="bbox 190 2836 1034 2972; baseline -0.002 -15"><span class='ocrx_word' id='word_1_249' title='bbox 190 2838 407 2957; x_wconf 85' lang='lat' dir='ltr'><strong>licitationibus</strong></span> <span class='ocrx_word' id='word_1_250' title='bbox 433 2893 613 2972; x_wconf 89' lang='lat' dir='ltr'><strong>persuadere</strong></span> <span class='ocrx_word' id='word_1_251' title='bbox 640 2892 771 2952; x_wconf 87' lang='lat' dir='ltr'><strong>Eumeni</strong></span> <span class='ocrx_word' id='word_1_252' title='bbox 798 2893 923 2966; x_wconf 90' lang='lat' dir='ltr'><strong>studuit,</strong></span> <span class='ocrx_word' id='word_1_253' title='bbox 944 2903 980 2955; x_wconf 93' lang='lat' dir='ltr'><strong>ut</strong></span> <span class='ocrx_word' id='word_1_254' title='bbox 1007 2836 1034 2954; x_wconf 69' lang='lat' dir='ltr'><strong>P</strong></span> 
     </span>
     <span class='ocr_line' id='line_1_36' title="bbox 137 2972 1071 3039; baseline -0.002 -1"><span class='ocrx_word' id='word_1_255' title='bbox 137 2977 176 3039; x_wconf 84' lang='lat'><strong>35</strong></span> <span class='ocrx_word' id='word_1_256' title='bbox 190 2978 308 3037; x_wconf 88' lang='lat' dir='ltr'><strong>diccam</strong></span> <span class='ocrx_word' id='word_1_257' title='bbox 321 2975 469 3033; x_wconf 89' lang='lat' dir='ltr'><strong>desereret</strong></span> <span class='ocrx_word' id='word_1_258' title='bbox 482 2992 517 3032; x_wconf 92' lang='lat' dir='ltr'><strong>ac</strong></span> <span class='ocrx_word' id='word_1_259' title='bbox 530 2992 631 3033; x_wconf 89' lang='lat' dir='ltr'><strong>secum</strong></span> <span class='ocrx_word' id='word_1_260' title='bbox 645 2972 758 3032; x_wconf 85' lang='lat' dir='ltr'><strong>iaceret</strong></span> <span class='ocrx_word' id='word_1_261' title='bbox 776 2974 956 3034; x_wconf 91' lang='lat' dir='ltr'><strong>societatem.</strong></span> <span class='ocrx_word' id='word_1_262' title='bbox 998 2974 1071 3036; x_wconf 86' lang='lat' dir='ltr'><strong>Cum</strong></span> 
     </span>
     <span class='ocr_line' id='line_1_37' title="bbox 190 3052 1071 3137; baseline 0 -21"><span class='ocrx_word' id='word_1_263' title='bbox 190 3057 354 3137; x_wconf 89' lang='lat' dir='ltr'><strong>perducere</strong></span> <span class='ocrx_word' id='word_1_264' title='bbox 376 3073 445 3112; x_wconf 90' lang='lat' dir='ltr'><strong>eum</strong></span> <span class='ocrx_word' id='word_1_265' title='bbox 469 3072 530 3111; x_wconf 90' lang='lat' dir='ltr'><strong>non</strong></span> <span class='ocrx_word' id='word_1_266' title='bbox 553 3061 660 3130; x_wconf 85' lang='lat' dir='ltr'><strong>posset,</strong></span> <span class='ocrx_word' id='word_1_267' title='bbox 681 3052 847 3112; x_wconf 89' lang='lat' dir='ltr'><strong>interficere</strong></span> <span class='ocrx_word' id='word_1_268' title='bbox 870 3062 995 3115; x_wconf 89' lang='lat' dir='ltr'><strong>conatus</strong></span> <span class='ocrx_word' id='word_1_269' title='bbox 1015 3065 1071 3129; x_wconf 88' lang='lat' dir='ltr'><strong>est;</strong></span> 
     </span>
     <span class='ocr_line' id='line_1_38' title="bbox 191 3129 1072 3213; baseline 0 -17"><span class='ocrx_word' id='word_1_270' title='bbox 191 3146 222 3196; x_wconf 89' lang='lat' dir='ltr'><strong>et</strong></span> <span class='ocrx_word' id='word_1_271' title='bbox 235 3135 359 3205; x_wconf 78' lang='lat' dir='ltr'><strong>iecisset,</strong></span> <span class='ocrx_word' id='word_1_272' title='bbox 370 3131 428 3190; x_wconf 91' lang='lat' dir='ltr'><strong>nisi</strong></span> <span class='ocrx_word' id='word_1_273' title='bbox 441 3129 494 3188; x_wconf 90' lang='lat' dir='ltr'><strong>ille</strong></span> <span class='ocrx_word' id='word_1_274' title='bbox 508 3131 586 3189; x_wconf 90' lang='lat' dir='ltr'><strong>clam</strong></span> <span class='ocrx_word' id='word_1_275' title='bbox 601 3141 692 3190; x_wconf 90' lang='lat' dir='ltr'><strong>noctu</strong></span> <span class='ocrx_word' id='word_1_276' title='bbox 706 3152 744 3190; x_wconf 87' lang='lat' dir='ltr'><strong>ex</strong></span> <span class='ocrx_word' id='word_1_277' title='bbox 759 3133 914 3211; x_wconf 89' lang='lat' dir='ltr'><strong>praesidiis</strong></span> <span class='ocrx_word' id='word_1_278' title='bbox 929 3135 992 3213; x_wconf 87' lang='lat' dir='ltr'><strong>ejus</strong></span> <span class='ocrx_word' id='word_1_279' title='bbox 1006 3135 1072 3197; x_wconf 85' lang='lat' dir='ltr'><strong>effu·</strong></span> 
     </span>
    </p>
   </div>
   <div class='ocr_carea' id='block_1_4' title="bbox 191 3222 1072 3372">
    <p class='ocr_par' dir='ltr' id='par_1_4' title="bbox 191 3222 1072 3372">
     <span class='ocr_line' id='line_1_39' title="bbox 191 3222 1072 3372; baseline 0.01 -23"><span class='ocrx_word' id='word_1_280' title='bbox 191 3222 295 3352; x_wconf 72' lang='lat' dir='ltr'><strong>glsiii</strong></span> <span class='ocrx_word' id='word_1_281' title='bbox 324 3288 452 3353; x_wconf 90' lang='lat' dir='ltr'><strong>Interim</strong></span> <span class='ocrx_word' id='word_1_282' title='bbox 480 3287 610 3349; x_wconf 88' lang='lat' dir='ltr'><strong>conflata</strong></span> <span class='ocrx_word' id='word_1_283' title='bbox 636 3297 707 3348; x_wconf 90' lang='lat' dir='ltr'><strong>sunt</strong></span> <span class='ocrx_word' id='word_1_284' title='bbox 734 3289 790 3350; x_wconf 91' lang='lat' dir='ltr'><strong>illa</strong></span> <span class='ocrx_word' id='word_1_285' title='bbox 817 3291 907 3366; x_wconf 88' lang='lat' dir='ltr'><strong>bella,</strong></span> <span class='ocrx_word' id='word_1_286' title='bbox 932 3314 1010 3372; x_wconf 88' lang='lat' dir='ltr'><strong>quae</strong></span> <span class='ocrx_word' id='word_1_287' title='bbox 1035 3298 1072 3358; x_wconf 86' lang='lat' dir='ltr'><strong>ad</strong></span> 
     </span>
    </p>
   </div>
   <div class='ocr_carea' id='block_1_5' title="bbox 1032 2916 1072 2955">
    <p class='ocr_par' dir='ltr' id='par_1_5' title="bbox 1032 2916 1072 2955">
     <span class='ocr_line' id='line_1_40' title="bbox 1032 2916 1072 2955; baseline 0 0"><span class='ocrx_word' id='word_1_288' title='bbox 1032 2916 1072 2955; x_wconf 78' lang='grc' dir='ltr'><strong>θΓ·</strong></span> 
     </span>
    </p>
   </div>
   <div class='ocr_carea' id='block_1_6' title="bbox 0 0 1178 3704">
    <p class='ocr_par' dir='ltr' id='par_1_6' title="bbox 0 0 1178 3704">
     <span class='ocr_line' id='line_1_41' title="bbox 0 0 1178 3704; baseline 0 3"><span class='ocrx_word' id='word_1_289' title='bbox 0 0 1178 3704; x_wconf 95' lang='lat' dir='ltr'><strong> </strong></span> 
     </span>
    </p>
   </div>
  </div>
 </body>
</html>
