2346 3704
165 98 208 163 48
398 115 413 138 ⁸
444 113 656 161 cosrarrr
682 90 880 161 vaarorrs.

219 270 393 351 putabatur.
435 267 537 347 Quam
559 269 598 330 ob
621 290 742 330 causam
760 269 851 348 pauci
872 270 911 330 ad
932 270 1114 332 societatem
1149 248 1150 293 Ὗ

219 351 346 431 periculi
365 351 615 429 perducebantur.
657 350 717 410 Sed
737 349 829 422 Dion,
844 350 939 410 fretus
960 372 1022 411 non
1043 361 1115 411 tam

220 432 284 491 suis
296 432 389 509 copiis
403 450 494 509 quam
509 431 577 491 odio
587 430 720 509 tyranni,
730 431 865 489 maximo
875 432 977 490 animo
988 432 1113 493 duabus

220 511 363 571 onerariis
382 511 511 570 navibus
529 510 751 589 quinquaginta
771 530 920 570 annorum
934 512 1113 590 imperium,
1149 528 1150 545 ³

187 591 372 652 bmunitum
391 591 562 669 quingentis
583 590 679 668 longis
700 589 838 662 navibus,
852 590 956 649 decem
970 591 1113 669 equitum

221 679 400 749 centumque
414 670 550 748 peditum
567 670 699 741 milibus,
713 669 865 747 profectus
886 681 1112 749 oppugnatum,

220 751 302 830 quod
321 750 460 810 omnibus
480 749 620 828 gentibus
639 749 820 809 admirabile
840 758 884 809 est
902 751 1012 822 visum,
1031 751 1112 812 adeo

220 830 310 891 facile
322 830 460 910 perculit,
475 838 510 889 ut
530 837 597 908 post
618 829 698 888 diem
718 830 843 889 tertium
859 850 952 908 quam
969 830 1112 891 Siciliam
1149 864 1150 869 κ

220 912 370 990 attigerat,
384 910 547 990 Syracusas
561 909 718 969 introierit.
760 909 889 988 Exque
910 909 1042 989 intelligi
1057 932 1114 990 po·
1149 920 1150 925 ’

167 991 207 1054 10
221 999 286 1064 test,
300 991 421 1050 nullum
439 1010 500 1049 mse
519 989 679 1066 imperium
699 997 810 1062 tutum,
823 990 882 1048 nisi
895 989 1113 1052 benevolentia

220 1072 380 1141 munitum.
421 1069 468 1129 Eo
478 1078 612 1147 tempore
626 1068 731 1128 aberat
745 1069 910 1149 Dionysius
923 1079 953 1130 et
966 1070 998 1128 in
1013 1070 1113 1132 Italia

221 1152 345 1212 classem
365 1149 585 1228 opperiebatur,
601 1149 842 1209 adversariorum
857 1159 940 1209 ratus
953 1151 1112 1211 neminem
1149 1186 1150 1189 =

220 1232 284 1292 sine
304 1230 421 1309 magnis
442 1230 534 1308 copiis
554 1230 593 1288 ad
614 1249 645 1288 se
659 1238 830 1289 venturum.
874 1230 961 1306 Quae
975 1251 1022 1290 res
1035 1251 1112 1291 eum
1149 1230 1150 1233 ’

162 1360 165 1366 .
220 1311 335 1370 fefellit.
377 1310 458 1369 Nam
473 1309 555 1369 Dion
569 1309 605 1368 iis
619 1309 699 1387 ipsis,
715 1310 768 1388 qui
783 1309 840 1369 sub
859 1310 1025 1371 adversarii
1043 1311 1112 1372 fue·

168 1392 207 1455 15
221 1400 290 1450 rant
304 1400 458 1468 potestate,
473 1390 569 1468 regios
582 1390 705 1467 spiritus
724 1389 864 1468 repressit
878 1391 1028 1469 totiusque
1042 1393 1110 1470 ejus

220 1471 314 1550 partis
328 1469 448 1530 Siciliae
462 1470 574 1548 potitus
588 1477 640 1541 est,
650 1489 728 1548 quae
741 1469 797 1529 sub
808 1469 949 1549 Dionysii
958 1480 1110 1550 potestate

220 1550 336 1623 fuerat;
363 1550 429 1628 pari
450 1571 489 1609 ue
514 1550 604 1609 modo
628 1549 711 1608 urbis
738 1548 965 1628 Syracusarum,
986 1546 1111 1629 praeter

220 1650 319 1691 arcem
334 1639 364 1690 et
377 1571 508 1689 incidam
521 1630 698 1708 adjunctam
712 1630 823 1709 oppido
834 1652 841 1701 ;
856 1651 948 1708 eoque
962 1651 1026 1690 rem
1039 1637 1110 1710 per-

220 1711 318 1785 duxit,
332 1719 366 1771 ut
379 1710 492 1769 talibus
505 1709 695 1788 pactionibus
713 1730 819 1788 pacem
839 1719 986 1789 tyrannus
1006 1711 1110 1774 facere

166 1794 206 1857 20
219 1792 328 1854 vellet:
349 1790 483 1851 Siciliam
506 1790 587 1849 Dion
608 1789 765 1862 obtineret,
786 1790 910 1850 Italiam
931 1791 1109 1870 Dionysius,

219 1872 382 2013 {ypacusas
395 1869 614 1950 Apollocrates,
630 1870 679 1930 cui
696 1870 863 1931 maximam
880 1869 971 1931 fidem
985 1872 1039 1931 uni
1053 1873 1110 1934 ha

241 1974 257 2013 e
278 1961 318 2013 at.

259 2032 317 2093 VI.
332 2030 399 2091 Has
410 2040 473 2091 tam
483 2051 640 2110 prosperas
654 2040 777 2111 tamque
791 2032 963 2112 inopinatas
977 2054 1023 2095 res
1037 2057 1109 2096 con·

219 2121 321 2173 secuta
341 2121 385 2171 est
405 2111 504 2172 subita
525 2112 729 2185 commutatio,
744 2114 825 2192 quod
839 2115 962 2175 fortuna
975 2135 1030 2175 sua
1044 2137 1109 2177 mo·

166 2193 345 2266 nobilitate,
366 2212 456 2270 quem
476 2192 568 2270 paulo
589 2201 660 2251 ante
684 2193 844 2266 extulerat,
867 2196 1039 2274 demergere
1062 2205 1109 2258 est

218 2273 333 2333 adorta.
375 2272 513 2331 Primum
529 2273 561 2331 in
578 2272 650 2345 fflio,
664 2272 702 2331 de
723 2293 782 2352 quo
804 2278 1037 2336 commemoravi
1058 2298 1108 2337 su-

218 2373 283 2433 pra,
293 2374 379 2413 suam
389 2353 453 2414 vim
467 2353 609 2412 exercuit.
651 2352 733 2412 Nam
748 2375 817 2413 cum
830 2375 957 2415 uxorem
971 2358 1108 2418 reduxis-

218 2442 270 2508 set,
285 2454 362 2513 quac
376 2433 430 2492 alii
444 2432 543 2492 fuerat
557 2433 679 2505 tradita,
690 2432 847 2512 filiumque
857 2436 950 2496 vellet
964 2457 1108 2500 revocare

218 2515 258 2574 ad
272 2516 416 2575 virtutem
436 2533 455 2573 a
474 2513 593 2592 perdita
605 2514 747 2587 luxuria,
762 2515 878 2593 accepit
892 2517 1107 2595 gravissimum

166 2595 204 2657 30
218 2615 326 2673 parens
340 2594 451 2655 vulnus
469 2602 566 2653 morte
584 2592 648 2654 filii.
691 2594 810 2654 Deinde
824 2605 891 2655 orta
904 2597 1047 2658 dissensio
1062 2610 1108 2661 est

184 2679 202 2723 Ἰ
218 2676 297 2734 inter
309 2694 378 2734 enm
393 2682 423 2734 et
436 2673 642 2746 Heraclidem,
654 2675 715 2754 qui,
729 2675 810 2753 quod
824 2676 1029 2755 principatum
1044 2699 1107 2740 non

218 2754 408 2827 concedebat,
422 2754 582 2814 factionem
598 2757 793 2833 comparavit.
836 2755 943 2836 Neque
961 2757 986 2817 is
1005 2759 1107 2820 minus

217 2835 341 2898 valebat
360 2835 443 2913 apud
463 2834 632 2912 optimates,
652 2856 780 2914 quorum
801 2857 945 2897 consensu
966 2848 1107 2917 praeerat

218 2917 394 2989 classicum
409 2915 494 2974 Dion
506 2914 672 2974 exercitum
686 2916 854 2994 pedestrem
868 2926 991 2978 teneret.
1033 2918 1106 2980 Non

164 2998 203 3058 35
216 2998 288 3057 tulit
301 2997 358 3056 hoc
372 2996 474 3055 animo
488 3014 584 3073 aequo
599 2994 689 3068 Dion,
701 3004 731 3055 et
740 3017 861 3057 versum
875 2997 964 3056 illum
975 2998 1105 3059 Homeri

216 3076 321 3136 retulit
341 3096 381 3135 ex
401 3075 532 3135 secunda
553 3074 723 3153 rhapsodia‚
737 3076 770 3133 in
784 3096 844 3155 quo
860 3077 935 3137 haec
955 3081 1105 3141 sententia

217 3166 277 3216 est:
306 3155 377 3215 Non
399 3174 484 3232 posse
504 3153 580 3228 bene
593 3154 658 3231 geri
678 3174 740 3213 rem
761 3155 916 3233 publicam
937 3159 1105 3221 multorum

217 3235 358 3312 imperiis.
402 3232 494 3308 Quod
521 3233 637 3291 dictum
663 3253 775 3312 magna
803 3236 920 3296 invidia
945 3248 1105 3300 consecuta

217 3322 269 3372 est.
312 3311 453 3388 Namque
473 3311 624 3387 aperuisse
637 3311 807 3387 videbatur,
822 3317 925 3378 omnia
937 3316 971 3376 in
984 3338 1040 3380 sua
1054 3340 1105 3399 pc-
1149 3326 1150 3373 ἒ
