2346 3704
374 179 704 229 ursurnonnns.
991 156 1035 229 69

92 334 179 411 fecit,
191 336 242 398 sed
254 336 382 416 saepius.
423 337 561 397 Maxime
581 345 683 398 autem
697 336 757 397 fuit
769 336 896 410 illustre,
910 356 981 397 cum

93 416 134 475 in
147 417 383 496 Peloponnesum
397 418 564 478 exereitum
579 417 714 478 duxisset
732 417 875 479 adversus
889 417 982 477 Iaca

94 495 268 558 daemonios
288 498 472 637 haberetque
493 496 623 575 collegas
643 498 727 570 duos,
748 517 877 577 quorum
904 497 982 557 alter

95 585 164 637 eret
176 576 345 656 Pelopidas,
358 578 409 638 vir
433 579 507 638 ortis
527 597 564 637 ac
584 585 731 637 strenuus.
772 576 819 636 Hi
837 598 907 637 cum
926 577 982 637 cri-

97 656 228 717 minibus
241 658 483 719 adversariorum
497 677 600 718 omnes
613 656 646 715 in
660 657 808 718 invidiam
821 656 981 730 venissent,
1015 657 1035 716 5

98 736 136 797 ob
150 757 274 816 eamque
287 757 352 797 rem
365 738 526 816 imperium
539 738 587 796 his
599 745 675 797 esset
687 737 877 815 abrogatum,
890 746 982 817 atque

98 815 130 875 in
143 837 245 876 eorum
263 817 365 877 locum
385 817 440 877 alii
460 827 612 896 praetores
631 817 845 890 successissent,
858 816 982 895 Epami-

98 897 211 956 nondas
225 897 419 976 populiscitu
433 917 494 957 non
508 897 620 977 paruit,
633 897 774 976 idemque
793 905 828 956 ut
848 896 983 957 iacerent

134 977 243 1037 rsuasit
256 977 389 1055 collegis,
402 987 433 1037 et
450 977 574 1050 bellum,
588 976 670 1056 quod
689 984 869 1055 susceperat,
882 976 981 1055 gessit

97 995 236 1136 idemque
250 1057 521 1130 animadvertebat,
531 1057 590 1117 nisi
603 1057 637 1117 id
650 1056 776 1129 fecisset,
787 1064 885 1116 totum
899 1076 981 1116 exer·
995 1055 1035 1117 10

98 1137 190 1196 citum
200 1146 324 1216 propter
334 1145 509 1216 praetorum
521 1137 564 1196 im
587 1137 759 1197 rudentium
773 1136 982 1216 inscitiamque

96 1215 168 1276 belli
181 1217 359 1296 periturum
401 1216 470 1277 Irerr
482 1226 548 1277 erat
561 1158 681 1289 ihebis,
695 1237 773 1296 quae
790 1224 888 1277 morte
905 1216 982 1276 mul·

96 1297 190 1370 tabat,
200 1297 226 1357 si
241 1298 308 1377 quis
322 1296 483 1377 imperium
494 1298 609 1358 diutius
622 1297 801 1370 retinuisset,
812 1317 904 1377 quarn
915 1297 982 1377 lege

95 1377 289 1457 praefinitum
315 1377 401 1438 foret.
456 1377 549 1439 Hanc
582 1377 812 1456 Epaminondas
839 1398 909 1439 cum
937 1378 980 1438 rei

95 1457 236 1537 publicae
256 1458 479 1519 conservandae
500 1478 590 1518 causa
610 1458 705 1517 latam
718 1458 844 1531 videret,
860 1458 901 1519 ad
916 1477 981 1538 per·
996 1457 1035 1516 15

94 1537 204 1598 niciem
225 1537 357 1599 civitatis
377 1539 512 1599 conferre
532 1538 647 1611 noluit3
668 1547 698 1599 et
714 1547 859 1617 quattuor
875 1538 981 1598 mensi-

94 1616 149 1679 hus
164 1617 279 1679 diutius
293 1638 385 1697 quam
398 1619 530 1698 populus
539 1619 671 1698 jusserat
683 1619 774 1698 gessit
786 1618 957 1696 imperium.

133 1696 229 1759 VIII.
244 1697 408 1776 Postquam
421 1698 547 1759 domum
559 1699 691 1759 reditum
705 1708 757 1771 est,
772 1699 905 1776 collegae
919 1699 982 1777 ejus

93 1777 151 1838 hoc
165 1777 292 1837 crimine
305 1778 533 1840 accusabantur.
574 1779 696 1854 Quibus
716 1778 770 1839 ille
787 1777 932 1858 permisit,
947 1785 983 1838 ut

92 1878 214 1919 omnem
234 1877 355 1918 causam
370 1859 402 1917 in
416 1879 447 1919 se
461 1858 658 1919 transferrent
678 1878 792 1937 suaque
811 1877 904 1936 opera
922 1856 983 1917 fac·
996 1857 1036 1917 20

92 1946 161 2000 tum
181 1939 403 2012 contenderent,
417 1947 453 1998 ut
473 1939 533 2018 legi
553 1959 615 1998 non
636 1937 800 1998 obedirent
842 1937 914 2014 Qua
934 1937 982 1997 de·

92 2018 228 2080 fensione
241 2018 303 2079 illis
319 2019 454 2098 periculo
468 2019 613 2091 liberatis,
626 2038 715 2078 nemo
736 2016 983 2096 Epaminondam

91 2118 307 2178 responsurum
320 2099 459 2178 putabat,
473 2100 563 2179 quod,
578 2098 653 2190 quid
673 2098 794 2171 diceret,
810 2116 871 2157 non
892 2097 984 2157 habe·

92 2187 150 2240 ret
191 2177 236 2241 At
249 2178 302 2238 ille
315 2179 348 2238 in
357 2179 509 2259 judicium
523 2186 626 2251 vemt3
639 2177 718 2237 nihil
732 2197 836 2238 eorum
850 2177 983 2256 negavit,

93 2279 174 2340 quae
190 2258 356 2321 adversarii
370 2259 490 2319 crimini
504 2257 629 2332 dabant,
643 2258 812 2337 omniaque,
827 2270 905 2337 quae'
924 2259 983 2319 col-
996 2256 1037 2316 25

93 2340 181 2418 legae
204 2339 355 2412 dixerant,
379 2339 528 2400 confessus
553 2347 606 2412 ast,
628 2358 726 2416 neque
749 2338 900 2400 recusavit
923 2358 983 2417 quo

92 2420 195 2480 minus
209 2419 283 2498 legis
297 2439 425 2499 poenam
439 2419 570 2492 subiret;
584 2418 637 2479 sed
651 2438 747 2479 unum
761 2418 800 2479 ab
814 2419 851 2478 iis
864 2419 982 2497 petivit,

92 2508 131 2560 ut
154 2499 187 2559 in
209 2499 344 2578 periculo
367 2519 422 2559 suo
446 2499 661 2560 inscriberent:
685 2498 940 2578 “Epaminondas
964 2519 984 2559 a

92 2578 247 2640 Thebanis
264 2588 359 2640 morte
375 2579 523 2641 multatus
544 2587 597 2652 est,
611 2578 693 2672 quod
713 2599 763 2640 eos
783 2579 881 2658 coegit
900 2578 982 2658 apud

92 2654 228 2720 Leuctra
250 2679 392 2737 superare
413 2659 678 2732 Lacedaemonios,
693 2678 767 2739 quos
789 2667 860 2719 ante
879 2679 910 2719 se
930 2660 983 2718 im·
998 2658 1037 2718 30

91 2748 264 2820 peratorem
282 2758 370 2799 nemo
389 2739 584 2801 Boeotiorum
607 2759 698 2799 ausus
717 2738 778 2799 fuit
798 2739 931 2818 aspicere
950 2738 984 2799 in

92 2818 177 2891 acie3
198 2820 338 2899 quodque
352 2840 413 2881 uno
427 2819 542 2899 proelio
556 2840 618 2880 non
631 2819 731 2880 solum
744 2818 864 2881 Thebas
882 2819 921 2880 ab
940 2819 985 2879 in-

92 2900 187 2960 teritu
209 2900 349 2972 retraxit,
373 2900 545 2960 sedetiam
569 2899 743 2961 universam
767 2898 928 2961 Graeciam
951 2899 984 2959 in

92 2979 268 3041 libertatem
278 2979 457 3053 vindicavit,
464 3000 558 3060 eoque
568 3000 615 3039 res
622 2988 823 3060 utrorumque
830 2979 983 3058 perduxit,

92 3069 129 3120 ut
157 3058 294 3119 Thebani
328 3058 470 3138 Spartam
504 3068 724 3138 oppugnarent,
751 3058 984 3119 Lacedaemonii
998 3055 1037 3117 35

93 3139 167 3202 satis
181 3138 336 3212 haberent,
351 3140 377 3199 si
390 3138 468 3199 salvi
483 3159 545 3199 esse
558 3147 695 3218 possent;
716 3148 813 3217 neque
826 3139 911 3216 prius
924 3137 985 3197 bel·

93 3220 159 3280 lare
172 3219 297 3291 destitit,
312 3238 413 3297 quam,
428 3217 564 3278 Messene
585 3216 733 3290 restituta,
754 3217 860 3277 urbem
880 3235 985 3276 eorum

93 3299 250 3361 obsidione
264 3298 400 3360 clausit.''
442 3298 530 3359 Haec
539 3317 609 3357 cum
620 3295 753 3368 dixisset,
762 3296 839 3353 risus
849 3294 985 3355 omnium

93 3400 165 3444 cum
185 3378 343 3441 hilaritate
362 3387 482 3441 coortus
502 3385 566 3450 est3
589 3393 687 3453 neque
709 3374 868 3453 quisquam
886 3369 986 3452 judex
