2346 3704
411 131 625 177 aurnuns.
960 110 1011 177 ’33
1123 93 1124 106 ³

64 287 290 366 campestribus
304 307 340 348 ea
353 286 426 347 loeis
440 286 599 347 habuisset.
641 284 679 346 In
692 285 750 345 hac
761 284 958 359 conclusione,

66 368 320 460 quotiescumque
332 367 441 439 voluit,
455 376 636 445 apparatum
657 375 687 425 et
700 366 881 426 munitiones
894 365 958 426 An-

65 447 173 525 tigoni
187 447 263 507 alias
276 447 419 519 incendit,
434 446 510 506 alias
523 445 647 524 disjecit.
689 444 800 506 Tenuit
813 454 914 505 autem
925 466 959 506 se

64 545 136 586 uno
151 526 225 599 loco,
239 527 385 606 quamdiu
399 526 459 586 fuit
471 525 575 597 hiems,
590 525 671 604 quod
692 534 791 586 castra
810 525 867 586 sub
887 526 959 587 divo

64 605 261 668 haberenon
275 615 402 686 poterat
442 605 507 667 Ver
517 603 798 685 appropinquabat:
818 605 961 667 simulata
994 604 1014 664 5

65 686 235 759 deditione,
256 687 331 746 dum
354 687 392 747 de
415 684 640 747 condicionibus
662 693 784 760 tractat,
802 686 961 766 praefectis

66 766 224 905 Arlrtigoni
237 766 389 847 imposuit,
402 785 493 846 seque
512 785 548 825 ac
567 785 636 826 suos
655 786 758 826 omnes
771 766 906 827 extraxit
918 767 961 827 in·

67 866 107 907 eo
123 867 215 906 mnes.

114 925 174 987 VI.
196 925 248 986 Ad
265 927 346 987 huno
360 926 528 1008 Olympias,
543 935 640 987 mater
660 946 737 1007 quae
756 925 856 988 fuerat
869 925 963 988 Alex·

69 1007 174 1080 andri,
189 1027 259 1066 oum
280 1006 396 1067 litteras
411 1016 441 1068 et
455 1007 576 1068 nuntios
590 1007 717 1067 misisset
730 1007 762 1066 in
775 1006 882 1068 Asiam
896 1027 963 1068 con·
977 1005 1016 1068 10

70 1086 200 1160 sultum,
214 1095 319 1147 utrum
340 1087 500 1166 repetitum
522 1086 732 1148 Macedoniam
746 1085 863 1149 veniret
877 1086 963 1160 (nam

71 1175 144 1227 tum
165 1167 198 1226 in
224 1166 318 1246 Epiro
340 1166 514 1241 habitabat)
529 1176 560 1227 et
573 1187 623 1227 eas
643 1188 690 1228 res
709 1176 878 1248 occuparet,
892 1167 963 1228 huic

72 1246 132 1306 ille
153 1247 289 1326 primum
312 1247 414 1319 suasit,
434 1268 473 1308 ne
495 1267 527 1308 se
553 1256 687 1310 moveret
713 1257 743 1310 et
769 1255 964 1328 exspectaret,

72 1327 179 1406 quoad
202 1325 376 1387 Alexandri
402 1327 483 1388 filius
509 1347 636 1407 regnum
660 1328 711 1388 adi
733 1329 892 1402 isoeretur3
918 1328 965 1389 sin

73 1407 183 1486 aliqua
197 1406 364 1487 eupiditate
383 1416 541 1487 raperetur
560 1407 592 1466 in
612 1408 683 1469 Mac
722 1409 832 1483 oniam,
846 1408 966 1472 oblivis·
980 1407 1019 1469 15

74 1495 197 1548 caretur
211 1486 347 1548 omnium
361 1487 543 1569 injuriarum
553 1496 584 1549 et
596 1488 629 1547 in
642 1490 792 1550 neminem
812 1488 966 1551 acerbiora

74 1576 216 1629 uteretur
225 1566 371 1647 imperio:
402 1567 525 1629 Horum
539 1568 595 1629 illa
607 1568 685 1628 nihil
696 1569 767 1630 fecit
775 1591 783 1643 ;
804 1590 876 1629 nam
890 1569 967 1630 etin

75 1646 293 1709 Macedoniam
306 1648 442 1728 prosecta
456 1657 501 1709 est
514 1657 545 1709 et
558 1649 600 1709 ibi
615 1649 818 1710 crudelissime
826 1669 858 1710 se
867 1649 966 1728 gessit.

75 1727 163 1789 Petit
179 1737 282 1788 autem
303 1728 343 1789 ab
362 1728 501 1789 Eumene
522 1729 653 1805 ahsente,
667 1749 705 1789 ne
725 1737 880 1808 pateretur
896 1728 967 1789 Phi·

75 1808 157 1889 lippi
168 1808 275 1869 domus
286 1827 322 1868 ac
332 1808 467 1869 familiae
476 1809 695 1871 inimicissimos
705 1810 828 1888 stirpem
849 1828 968 1887 quoque
981 1807 1021 1868 20

75 1889 261 1962 interimere,
271 1888 422 1969 'ferretque
435 1906 522 1969 opem
537 1889 639 1950 liberis
649 1888 829 1948 Alexandri.
864 1887 967 1965 Quam

75 1969 202 2032 veniam
226 1968 253 2032 si
277 1969 371 2042 daret,
392 1990 484 2050 quam
508 1970 640 2049 primum
665 1968 813 2028 exercitus
837 1976 967 2045 pararet,

76 2070 155 2130 quos
168 2047 227 2111 sibi
240 2049 374 2110 subsidio
388 2050 559 2110 adduceret.
600 2047 637 2108 Id
649 2067 709 2128 quo
719 2046 838 2107 facilius
848 2047 968 2121 faceret,

76 2151 108 2191 se
119 2129 262 2191 omnibus
275 2129 442 2210 praefectis,
454 2130 506 2209 qui
520 2129 552 2189 in
566 2128 667 2190 officio
673 2126 845 2201 manebant,
855 2127 969 2189 misisse

76 2209 206 2283 litteras,
228 2218 266 2270 ut
287 2209 316 2270 ei
339 2218 480 2289 parerent
504 2210 626 2290 ejusque
650 2207 780 2268 consiliis
803 2216 967 2270 uterentur.
981 2205 1021 2268 25

76 2290 140 2352 His
154 2288 244 2350 rebus
257 2289 408 2351 Eumenes
422 2299 575 2370 permotus
595 2288 688 2350 satius
702 2289 801 2362 duxit,
814 2289 840 2349 si
859 2289 904 2349 ita
922 2297 968 2350 tu-

76 2371 162 2433 lisset
175 2369 307 2443 fortuna,
321 2371 419 2450 perire
432 2371 508 2432 bene
521 2369 636 2431 meritis
649 2369 825 2431 referentem
838 2369 967 2450 gratiam

77 2470 172 2531 quam
186 2449 218 2510 in
275 2451 462 2513 tumvivere.

118 2529 198 2592 VH.
247 2538 338 2610 taque
365 2532 466 2610 copias
494 2530 656 2603 contraxit,
682 2528 799 2591 bellum
825 2530 969 2591 adversus

78 2609 272 2690 Antigonum
299 2611 496 2689 comparavit.
547 2610 640 2687 Quod
666 2630 730 2671 una
754 2618 842 2672 eraut
868 2609 968 2672 Mace
981 2609 1022 2671 30

78 2692 172 2752 dones
186 2689 356 2770 complures
369 2690 493 2764 nobiles,
507 2691 539 2750 in
554 2691 601 2751 his
615 2690 780 2765 Peucestes,
794 2690 848 2769 qui
867 2711 969 2771 corpo·

78 2771 120 2831 ris
145 2778 245 2833 eustos
268 2769 369 2833 fuerat
392 2770 572 2845 Alexandri,
597 2779 664 2834 tum
688 2780 789 2832 autem
813 2771 970 2832 obtinebat

79 2849 246 2923 Persidem,
259 2858 290 2913 et
303 2849 479 2943 Antigenes,
494 2852 579 2930 cujus
600 2851 657 2912 sub
679 2851 806 2934 imperio
831 2851 969 2933 phalanx

79 2939 147 2992 erat
159 2929 373 3003 Macedonum,
387 2931 534 2992 mvidiam
548 2951 662 3005 verens,
676 2952 769 3025 quam
782 2940 884 2992 tamon
898 2932 969 2992 effu·

80 3030 151 3090 gere
163 3029 226 3071 non
239 3010 347 3088 potuit,
361 3009 387 3070 si
407 3010 506 3088 potius
527 3011 537 3070 i
573 3031 589 3070 e
610 3011 780 3091 alienrgena
792 3011 903 3071 summi
916 3012 970 3071 im·
983 3007 1023 3071 35

81 3089 158 3170 perii
178 3089 336 3168 potiretur,
357 3109 449 3182 quam
470 3089 523 3152 alii
538 3031 756 3164 ldaeedonum,
777 3110 906 3170 quorum
927 3089 970 3150 ibi

83 3177 148 3231 erat
161 3168 344 3232 multitudo:
365 3189 398 3231 m
420 3170 575 3249 principiis
589 3169 762 3230 Alexandri
783 3169 906 3229 nomine
926 3176 970 3228 ta·

43 3304 44 3313 ,
83 3247 282 3310 bernaculum
308 3249 424 3323 statuit,
444 3249 475 3311 in
500 3269 594 3327 eoquo
616 3250 722 3309 sellam
750 3265 873 3307 auream
901 3264 970 3305 oum

43 3324 46 3409 l,
82 3327 522 3413 seeptroaodiadematejussit
531 3328 715 3411 punicoque
724 3341 826 3387 omnes
836 3322 971 3401 quotidie

44 3450 64 3635 i
