2346 3704
34 147 53 154 -
134 120 181 186 40
408 137 622 184 coannnrr
653 137 846 185 rarorrs.

328 480 460 556 VIII
489 483 938 556 THRASYBULUS

227 769 523 841 LTnnasrnuLus,
535 768 612 848 Lyci
626 767 715 841 filius,
729 766 933 830 Atheniensis,
974 768 1009 830 Si
1022 791 1084 849 per
1168 808 1169 813 κ

187 872 219 912 se
231 852 329 913 virtus
342 851 406 909 sine
419 849 542 909 fortuna
551 846 787 941 ponderanda
757 859 804 921 sit,
784 849 931 922 tdubito,
941 869 983 909 an
993 849 1082 911 hunc

188 932 320 1011 primum
342 929 476 991 omnium
498 948 618 1007 ponam.
659 927 787 988 Illud
764 949 829 989 sme
847 896 956 990 dubib
982 932 1082 989 nemi-

187 1033 257 1071 nem
291 1010 362 1071 huic
396 1009 532 1089 praefero
562 1009 630 1082 lide,
638 1010 836 1082 -constantia
863 1010 1080 1088 magnitudine

154 1091 314 1167 banimi
306 1112 338 1149 m
356 1090 488 1182 patriam
506 1109 616 1150 amore.
657 1087 740 1149 Nam
761 1055 841 1168 quod
861 1089 952 1148 multi
972 1091 1079 1151 volue-

188 1180 270 1244 runt,
283 1171 372 1250 pauci
386 1178 559 1262 potuerunt,
573 1168 612 1229 ab
629 1189 690 1228 uno
711 1179 841 1248 tyranno
854 1170 987 1248 patriani
1003 1169 1077 1231 libe·

188 1272 272 1323 r3are
293 1251 365 1310 huic
378 1250 514 1329 contigit,
528 1257 563 1309 ιιι
576 1270 595 1308 3
609 1249 735 1327 triginta
749 1269 921 1328 oppressam
935 1252 1076 1328 tyrannis

188 1351 205 1391 e
218 1331 345 1392 sermtu
346 1351 362 1389 e
375 1330 408 1388 in
422 1330 512 1390 libert
501 1339 593 1389 tatem
606 1329 783 1389 vindicaret.
825 1329 884 1389 Sed
898 1330 997 1389 nescio
1012 1351 1075 1409 quo

188 1411 286 1483 modo,
300 1430 369 1469 curn
390 1430 459 1469 eum
479 1430 567 1469 nemo
588 1410 716 1469 anteiret
734 1410 781 1468 his
793 1409 967 1483 virtutibus,
982 1411 1076 1471 multi

135 1495 175 1556 10
188 1457 346 1551 nobilitate
318 1498 649 1568 tepraecucurrerunt.
692 1489 830 1549 Primum
854 1457 1075 1570 Pelopdnnesio

188 1570 269 1653 bello
292 1569 390 1629 multa
414 1570 463 1629 hic
487 1570 552 1629 sinc
571 1569 734 1630 Alcibiade
757 1571 856 1649 gessit,
877 1570 930 1630 ille
952 1570 1074 1631 nullam

188 1672 252 1710 rem
272 1651 336 1710 sine
355 1650 428 1710 hoc:
450 1671 528 1730 quae
547 1649 600 1709 ille
620 1651 761 1711 universa
783 1651 916 1711 naturali
939 1652 1074 1744 quodam

187 1731 266 1791 bono
283 1730 354 1791 fecit
372 1731 458 1790 lucri.
499 1729 590 1791 Sedi
591 1729 635 1789 lla
655 1740 757 1790 tamen
777 1733 880 1794 omnia
900 1732 1074 1794 communia

187 1811 419 1891 imperatoribus
446 1832 516 1870 cum
543 1810 691 1871 militibus
718 1820 748 1870 et
775 1813 905 1886 fortuna,
930 1813 1047 1891 quod
1039 1834 1073 1873 111

135 1896 173 1957 15
187 1892 295 1971 proelii
313 1912 459 1952 concursu
479 1890 544 1951 abit
561 1911 608 1950 res
626 1912 645 1951 a
663 1891 787 1951 consilio
801 1893 884 1953 ad
855 1913 934 1955 vires
947 1894 1073 1972 vimque

187 1974 398 2053 pugnantium.
440 1972 576 2051 Itaque'
564 1993 634 2052 Jure
652 1993 707 2033 suo
726 1973 876 2033 nonnulla
889 1974 951 2033 ab
942 1995 1072 2055 impera-

187 2062 252 2113 tore
267 2053 362 2125 miles,
376 2052 509 2130 plurima
522 2074 594 2114 vcro
615 2053 675 2112 fort
663 2062 737 2113 tuna
751 2054 895 2127 vindicat,
910 2075 1000 2134 seque
1020 2054 1072 2116 hic

186 2133 255 2212 plus
279 2100 409 2195 valuisse
434 2154 525 2212 quam
553 2133 638 2192 ducis
661 2133 854 2212 prudentiam
879 2155 949 2196 vere
972 2143 1072 2214 potest

186 2215 367 2292 praedicare.
410 2213 515 2289 Quare
527 2212 606 2274 illud
616 2213 944 2292 magnrficcntrssrmum
954 2214 1072 2276 factum

132 2299 172 2359 20
185 2295 343 2374 proprium
354 2303 397 2354 est
403 2293 596 2373 Thrasybuh
630 2293 712 2353 Nam
723 2314 791 2354 oum
802 2295 929 2373 triginta
937 2297 1071 2375 tyranni,

51 2385 54 2389 '
184 2375 323 2455 praeposi
325 2375 348 2434 ti
361 2395 381 2434 a
325 2374 649 2447 tLacedaemoniis,
664 2375 742 2435 servi
744 2383 809 2434 tute
822 2396 977 2454 oppressas
990 2384 1072 2437 tenc-

184 2464 252 2515 rent
262 2455 400 2514 Athenas
401 2454 602 2547 ,plurimos'
577 2474 657 2515 cives
658 2454 808 2533 ,quibus
800 2476 832 2513 m
843 2456 923 2549 bello
934 2466 1072 2535 parserat

184 2535 315 2608 fortuna,
328 2544 399 2628 part
401 2535 442 2593 im
455 2535 557 2615 patria
571 2501 766 2613 expulissent,
780 2537 893 2613 partim
907 2536 953 2596 int
941 2537 1072 2598 terfecis-

184 2625 259 2690 sent,
273 2616 474 2708 plurimorum
488 2614 568 2675 bona
582 2613 760 2693 publicata
753 2624 831 2674 mter
843 2636 875 2675 se
889 2617 1070 2692 divisissent,

130 2700 170 2761 25
183 2717 246 2758 non
265 2696 364 2757 solum
383 2695 532 2778 princeps,
545 2695 652 2755 sedt
621 2695 714 2755 etiam
737 2695 818 2755 solus
841 2695 929 2758 initio
955 2666 1070 2759 belluni

183 2778 231 2838 his
244 2777 365 2837 indixit

224 2857 266 2918 ΙΙ
288 2856 351 2916 Hic
375 2856 455 2916 enim
480 2877 549 2916 cum
574 2855 694 2935 Phylen
714 2856 904 2936 confugisset,
923 2858 1005 2938 quod
1025 2868 1070 2920 est

184 2937 366 2999 castellum
358 2958 391 2995 ιιι
405 2936 511 2996 Attica
531 2937 775 3012 munitissimum,
789 2960 850 2998 non
870 2939 941 3019 plus
961 2938 1070 3000 habuit

183 3040 284 3080 secum
299 3038 391 3097 quam
405 3017 531 3096 triginta
545 3017 582 3076 de
596 3018 665 3077 suis.
707 2985 795 3078 Hod
787 3019 910 3078 mitium
920 3019 981 3079 fuit
990 3020 1069 3079 salu·

129 3101 170 3162 30
183 3100 221 3159 tis
236 3100 430 3169 Actaeorum,
444 3099 501 3156 hoc
518 3097 611 3156 robur
627 3096 759 3158 libertat
738 3107 776 3158 trs
795 3099 1022 3159 clarissimae
997 3101 1068 3161 civi-

183 3178 262 3237 tatis.
305 3175 412 3252 Neque
425 3197 497 3236 vero
517 3176 567 3236 hic
588 3197 648 3234 non
669 3187 857 3257 contemptus
874 3189 918 3239 est
933 3180 1032 3259 prImo
1048 3201 1068 3241 3

182 3257 321 3391 iliram
343 3256 519 3331 atqueejus
484 3254 680 3315 ussolitudo.
722 3256 811 3332 Quae
827 3259 950 3336 quidem
970 3280 1018 3320 res
1037 3274 1068 3322 et

219 3354 244 3393 ιι
258 3332 517 3393 contemnentibus
530 3335 674 3411 perniciei
688 3343 718 3395 et
730 3337 803 3397 huic
816 3338 955 3418 despecto
973 3340 1066 3402 saluti
