2346 3704
405 131 617 181 CORNELII
647 132 839 182 annom.

462 384 525 468 ³V.
560 393 761 468 CIMON.

516 557 728 599 -ootssoo—

221 678 246 742 1.
267 679 387 755 omos,
408 678 558 740 nitescas
578 679 667 753 fitius,
688 677 891 756 Atheniensis,
912 680 990 744 suro
1015 681 1072 744 aa.
1162 664 1163 667 ‘

179 762 304 822 modurn
331 761 417 822 initio
445 779 516 820 usus
542 769 586 821 est
613 759 838 822 adolescentiae.
884 761 967 822 Nam
994 783 1071 824 cum

110 906 117 912 ,
179 851 266 920 pater
280 843 343 921 ejus
357 842 442 902 litem
456 841 643 901 aestimatam
665 840 777 920 populo
796 841 912 903 solvere
932 862 994 902 non
1014 864 1071 922 po

179 922 285 982 tuisset
298 922 337 982 ob
351 941 477 1000 eamque
491 940 613 982 oausam
626 920 659 979 in
673 920 803 982 vinculis
816 921 947 1000 publicis
968 919 1070 983 deces-

146 1002 272 1075 bsisset,
286 1001 395 1063 Cimon
415 1001 519 1062 eadem
540 1000 676 1061 custodia
696 1001 864 1074 tenebatur,
877 1022 975 1081 neque
993 1003 1069 1082 legi·

180 1082 236 1143 bus
249 1081 483 1143 Atheniensium
497 1081 595 1142 emitti
608 1089 735 1160 poterat,
748 1081 807 1140 nisi
820 1082 989 1160 pecuniam,
1003 1104 1069 1162 qua

179 1172 267 1241 pater
290 1162 437 1223 multatus
460 1171 534 1235 erat,
554 1161 699 1222 solvisset.
741 1160 886 1221 Habebat
906 1171 1008 1222 autem
1032 1164 1068 1222 in

180 1242 372 1303 matrimonio
393 1262 522 1314 sororem
543 1262 718 1320 germanam
735 1262 830 1314 suam,
843 1243 965 1303 nomine
979 1242 1067 1323 Elpi-

179 1324 277 1396 nicen,
291 1343 351 1383 non
372 1323 468 1402 magis
488 1342 589 1384 amore
606 1342 697 1401 quam
716 1342 798 1382 more
812 1322 928 1384 ductus.
969 1324 1067 1384 Nam·

128 1411 239 1483 loque
258 1402 494 1463 Atheniensibus
518 1403 590 1463 licet
613 1402 718 1463 eodem
738 1413 825 1482 patre
845 1412 932 1464 natas
954 1424 1066 1466 uxores

180 1484 297 1570 ducere.
339 1483 441 1564 Hujus
456 1483 587 1564 conjugii
598 1483 724 1562 cupidus
735 1483 848 1544 Gallias
859 1485 992 1563 quidam,
1003 1507 1066 1546 non

179 1574 243 1626 tam
256 1585 415 1644 generosus
425 1585 517 1645 quam
527 1565 712 1644 pecuniosus,
724 1565 776 1643 qui
787 1585 912 1644 magnas
922 1568 1066 1645 pecunias

65 1653 67 1659 '
179 1668 219 1708 ex
242 1646 373 1707 metallis
397 1646 517 1720 fecerat,
537 1646 600 1725 egit
619 1666 688 1706 curn
710 1645 843 1720 Cimone,
864 1655 899 1707 ut
919 1667 986 1708 eam
1006 1649 1065 1709 sibi

41 1791 47 1810 ¹
180 1747 305 1789 uxorem
319 1728 421 1788 daret:
436 1725 468 1787 id
482 1729 507 1787 si
521 1728 716 1807 impetrasset,
727 1748 758 1787 se
772 1746 826 1806 pro
840 1728 894 1788 illo
904 1729 1064 1808 pecuniam

126 1815 165 1876 15
178 1810 357 1870 soluturum.
392 1808 423 1870 Is
437 1829 507 1869 cum
520 1809 613 1868 talem
624 1809 830 1868 condicionem
843 1820 1064 1889 aspernaretur,

179 1890 320 1970 Elpinice
333 1890 457 1969 negavit
470 1908 501 1950 se
515 1908 670 1969 passuram
684 1888 834 1950 Miltiadis
844 1891 1016 1968 progeniem
1031 1892 1064 1950 in

181 1971 309 2032 vinculis
322 1970 452 2050 publicis
466 1970 598 2043 interire,
612 1970 755 2049 quoniam
776 1970 935 2049 prohibere
955 1979 1062 2050 posset,

164 2058 268 2130 'seque
295 2051 412 2111 Calliae
438 2060 614 2130 nupturam,
638 2050 663 2109 si
690 2070 735 2122 ea,
759 2070 837 2129 quae
860 2050 1063 2129 polliceretur,

178 2132 380 2210 praestitisset.
1032 2204 1037 2209 ι

126 2216 165 2278 20
219 2212 261 2271 II.
283 2212 351 2271 Tali
372 2211 462 2272 modo
482 2211 617 2272 custodia
637 2209 782 2271 liberatus
801 2210 909 2272 Cimon
928 2211 1064 2273 celeriter

179 2293 219 2352 ad
235 2292 440 2371 principatum
459 2292 604 2371 pervenit.
647 2290 791 2351 Habebat
812 2293 892 2351 enim
913 2293 985 2352 satis
1005 2292 1063 2354 elo·

179 2373 327 2452 quentiae,
347 2392 497 2432 summam
518 2370 741 2444 liberalitatem,
765 2391 907 2450 magnam
935 2373 1063 2450 pruden-

178 2453 254 2514 tiam
275 2472 344 2512 cum
361 2453 439 2531 juris
459 2452 566 2525 civilis,
580 2461 647 2511 tum
668 2453 710 2511 rei
731 2451 879 2525 militaris,
894 2454 976 2531 quod
994 2473 1063 2513 eum

178 2543 265 2613 patre
278 2553 298 2593 a
311 2551 404 2612 puero
417 2534 450 2592 in
464 2532 645 2593 exercitibus
658 2532 762 2592 fuerat
770 2541 914 2593 versatus.
955 2532 1063 2612 Itaque

124 2615 164 2680 25
178 2614 228 2673 hic
249 2623 280 2673 et
299 2613 446 2693 populum
467 2612 619 2672 urbanum
635 2612 668 2671 in
684 2631 739 2673 sua
752 2613 851 2672 tenuit
864 2621 1019 2690 potestate,
1034 2622 1063 2674 et

179 2693 262 2773 apud
282 2694 448 2754 exercitum
469 2692 636 2771 plurimum
650 2692 750 2753 valuit
770 2692 957 2753 auctoritate.
999 2693 1062 2752 Pri-

172 2792 264 2834 ·mum
285 2774 448 2852 imperator
467 2772 550 2851 apud
570 2772 683 2832 fiumen
703 2771 866 2851 Strymona
878 2792 1004 2851 magnas
1018 2793 1063 2833 co

178 2856 244 2934 pias
268 2853 420 2914 Thracum
444 2852 572 2931 fugavit,
594 2851 739 2931 oppidum
759 2851 972 2931 Amphipolim
997 2872 1062 2913 oon-

177 2934 286 3009 stituit,
300 2953 393 3012 eoque
406 2933 508 2993 decern
522 2932 608 2992 milia
621 2931 853 2992 Atheniensium
868 2933 900 2990 in
915 2931 1062 2992 coloniam

124 3015 165 3078 30
178 3015 269 3075 misit.
310 3013 396 3073 Idem
420 3013 530 3073 iterum
554 3012 636 3091 apud
660 3011 803 3089 Mycalen
827 3011 1010 3090 Cypriorum
1033 3023 1062 3074 et

179 3093 366 3154 Phoenicum
390 3092 589 3153 ducentarum
612 3091 737 3151 navium
762 3092 886 3150 classem
911 3091 1061 3152 devictam

180 3173 276 3251 cepit;
297 3170 460 3249 eodemque
480 3172 529 3231 die
548 3170 616 3249 pari
636 3169 759 3229 fortuna
777 3171 809 3228 in
825 3179 906 3231 terra
924 3192 996 3231 usus
1010 3181 1060 3234 est.

180 3250 322 3329 Namque
345 3251 476 3309 hostium
500 3249 630 3311 navibus
653 3250 757 3328 captis,
781 3250 884 3310 statim
909 3271 947 3310 ex
969 3251 1061 3313 classe

181 3329 282 3406 copias
305 3349 373 3388 suas
395 3329 510 3401 eduxit,
531 3329 788 3408 barbarorumque
811 3330 978 3390 maximam
999 3332 1060 3392 vim
