2346 3704
160 124 203 188 64
440 138 650 186 10111111
680 138 872 186 rororis

213 294 347 357 Probata
370 315 411 368 re,
435 294 626 375 colloquendi
649 302 769 374 tempus
791 295 924 356 sumitur
947 295 1110 376 locusque,

212 395 272 455 quo
297 374 514 436 conveniretur.
556 374 629 435 Huc
652 375 846 436 Mithridates
867 396 938 436 curn
959 396 1035 450 uno,
1058 376 1111 436 cui

212 455 380 515 maximam
403 456 535 515 habebat
558 455 658 528 fidem,
682 465 753 516 ante
777 455 895 535 aliquot
918 456 983 516 dies
1008 456 1109 528 venit,

213 534 476 614 compluribusque
490 536 563 596 locis
576 531 738 613 separatim
752 535 869 614 gladios
882 536 996 609 obluit,
1008 555 1110 613 eaque

179 615 280 676 bloca
293 615 453 693 diligenter
466 624 559 676 notat.
601 614 672 694 Ipso
688 624 790 676 autem
805 615 950 694 colloquii
964 617 1015 676 die
1031 616 1107 674 utri-

142 700 149 715 '
213 715 279 775 que,
294 694 395 755 locum
410 694 462 773 qui
475 697 669 774 explorarent
683 704 774 773 atque
787 694 866 773 ipsos
883 704 1107 767 scrutarentur,

213 776 346 835 mittunt.
388 773 508 834 Deinde
521 775 578 854 ipsi
592 783 663 835 sunt
677 775 834 854 congressi.
875 775 940 835 Hie
958 796 1032 836 cum
1053 774 1107 834 ali·
1155 732 1157 831 l

213 856 359 936 quamdiu
373 854 405 913 in
419 854 568 933 colloquio
579 854 706 914 fuissent
719 865 749 914 et
762 855 880 916 diverse
890 855 1106 926 discessissent,
1156 864 1157 933 l

214 937 340 1015 jamque
356 935 462 1014 procul
482 934 628 994 Datames
648 933 772 1007 abesset,
786 934 993 1008 Mithridates,
1007 934 1108 1014 prius·
1156 952 1157 969 ¹

160 1022 199 1083 10
212 1037 305 1097 quam
326 1016 366 1077 ad
385 1035 453 1076 suos
473 1014 653 1094 perveniret,
667 1034 705 1074 ne
723 1035 815 1094 quam
835 1015 1042 1094 suspicionem
1056 1035 1108 1095 pa·

213 1105 301 1172 reret,
324 1097 357 1158 in
380 1096 508 1156 eundem
535 1095 636 1156 locum
663 1095 826 1156 revertitur
852 1104 945 1174 atque
972 1096 1027 1169 ibi,
1053 1093 1108 1157 ubi

212 1178 310 1240 telum
323 1186 388 1237 erat
402 1176 584 1255 impositum,
598 1176 716 1249 resedit,
730 1185 765 1236 ut
778 1175 804 1235 si
818 1175 996 1236 lassitudine
1016 1196 1109 1256 cupe

104 1311 106 1313 ,
213 1267 260 1320 ret
274 1259 468 1337 acquiescere,
483 1256 705 1336 Datamemque
726 1257 889 1329 revocavit,
903 1256 1056 1317 simulans
1076 1276 1108 1317 se

214 1339 360 1418 quiddam
374 1338 406 1397 111
420 1337 569 1417 colloquio
590 1357 652 1397 esse
672 1336 810 1397 oblitum.
851 1335 980 1396 Interim
995 1336 1107 1411 telum,

160 1425 200 1486 15
214 1418 296 1499 quod
310 1418 432 1490 latebat,
442 1418 571 1496 protulit
580 1418 789 1497 nudatumque
798 1418 911 1496 vagina
921 1427 1005 1479 veste
1015 1419 1106 1491 texit,

213 1519 250 1562 ao
265 1498 390 1559 Datami
403 1498 536 1559 venienti
554 1498 608 1573 ait,
622 1498 839 1576 digredientem
859 1517 891 1557 se
911 1498 1106 1560 animadver-

214 1579 284 1640 tisse
294 1580 394 1639 locum
405 1579 565 1658 quendam,
575 1578 628 1658 qui
642 1585 708 1637 erat
721 1577 754 1637 in
767 1587 937 1656 conspectu,
947 1578 989 1638 ad
1003 1588 1105 1639 castra
1157 1628 1158 1661 ,

214 1659 353 1739 ponenda
376 1679 438 1719 esse
460 1658 610 1718 idoneum.
653 1659 754 1735 Quem
774 1678 843 1717 cum
864 1658 959 1736 digito
981 1658 1104 1719 demon·
1157 1664 1158 1737 1

214 1748 322 1800 straret
335 1747 365 1799 11
379 1738 431 1798 1111
445 1739 612 1817 respiceret,
623 1758 762 1808 aversum
777 1736 856 1797 ferro
869 1736 1033 1810 transfixit,
1045 1738 1104 1818 pri·
1157 1744 1158 1783 ³

161 1827 200 1889 20
215 1840 308 1899 usque
328 1838 420 1898 quam
441 1818 600 1898 quisquam
621 1826 719 1897 posset
739 1836 920 1889 succurrere,
941 1816 1103 1880 interfecit

214 1901 264 1961 Ita
284 1899 338 1959 ille
357 1898 415 1971 vir,
435 1898 488 1978 qui
512 1898 624 1957 multos
647 1896 780 1969 consilio,
801 1897 952 1958 neminem
972 1897 1103 1976 perfidia

212 1988 344 2061 ceperat,
356 1979 500 2041 simulata
513 1986 619 2058 captus
633 1986 677 2038 est
690 1977 832 2038 amicitia.

497 2226 811 2240 ’“’”’”
1153 2177 1159 2529 l

374 2426 464 2501 XV.
494 2424 937 2499 EPAMINONDAS.

551 2589 764 2631 -οοξοςοο-

254 2705 280 2766 Ι.
302 2704 556 2774 Erroneam,
573 2700 715 2779 Polymni
735 2700 824 2774 filius,
838 2699 1009 2762 Thebanus.
1049 2701 1096 2764 De

214 2787 272 2847 hoc
285 2785 461 2865 priusquam
475 2781 642 2853 scribimus,
653 2780 727 2840 haec
737 2780 1096 2860 praecipiendaviden'tur

161 2870 200 2932 25
215 2865 386 2937 lectoribus,
400 2884 438 2923 ne
459 2861 572 2922 alienos
596 2881 692 2920 mores
717 2861 756 2920 ad
780 2881 849 2920 suos
869 2861 1010 2934 referant,
1023 2882 1095 2926 neve
1145 2914 1149 2921 .

215 2969 259 3020 ea,
274 2965 351 3025 quae
371 2943 443 3022 ipsis
463 2942 578 3003 leviora
598 2949 676 3013 sunt,
690 2941 757 3020 pari
776 2941 865 3000 modo
886 2941 968 3020 apud
988 2951 1093 3004 ceteros

215 3028 305 3087 fuisse
333 3024 526 3085 arbitrentur.
581 3020 698 3082 Scimus
725 3021 805 3080 enim
832 3022 966 3081 musicen
991 3024 1092 3084 nostris

215 3107 349 3168 moribus
377 3102 478 3163 abesse
505 3123 525 3161 a
551 3099 696 3179 principis
722 3120 865 3179 persona;
893 3102 1004 3162 saltare
1026 3122 1090 3165 vero

215 3188 308 3249 etiam
327 3184 362 3245 in
381 3182 464 3245 vitiis
506 3182 575 3242 oni:
597 3200 674 3259 quae
694 3180 796 3241 omnia
817 3181 900 3261 apud
920 3179 1046 3244 Graecos
1063 3193 1092 3244 11

162 3270 202 3330 30
215 3276 303 3347 grata
321 3273 352 3326 et
369 3262 462 3323 lande
481 3203 574 3339 digna
594 3261 754 3320 ducuntur.
795 3260 873 3320 Cum
888 3271 989 3323 autem
1002 3265 1091 3343 expri-

215 3366 298 3409 mere
320 3343 484 3425 imaginem
508 3339 731 3415 consuetudinis
755 3347 846 3422 atque
867 3342 951 3406 vitae
973 3343 1091 3407 velimus
