2346 3704
472 169 725 220 mrnrrsnns.
1027 156 1069 219 13

123 329 236 394 Graeci
257 349 377 411 genere,
390 327 500 389 liberos
520 349 540 390 a
559 326 722 389 Persarum
742 326 860 389 futuros
880 325 1016 389 domina·

123 413 207 474 tione
227 420 258 473 et
279 410 424 491 periculo
465 409 504 469 Id
528 418 559 471 et
581 408 672 468 facile
694 408 772 469 effici
794 429 896 489 posse;
923 417 1015 488 ponte

124 493 207 554 enim
232 492 365 564 rescisso,
390 510 491 569 regem
510 490 561 551 vel
584 489 717 549 hostium
741 489 820 550 ferro
840 489 890 550 vel
910 489 1014 568 inopia

124 572 231 652 paucis
245 572 352 632 diebus
370 570 572 630 interiturum.
613 568 666 629 Ad
686 569 744 630 hoc
764 570 923 631 consilium
944 590 1014 629 cum

123 653 264 733 plerique
278 652 463 723 accederent,
477 650 633 710 Histiaeus
652 648 799 723 Milesius,
813 670 852 709 no
864 670 911 710 res
925 649 1014 709 confi·
1047 650 1068 710 5

124 741 253 805 caretur,
267 731 394 804 obstitit,
408 731 526 791 dicens:
547 750 608 790 non
621 728 701 789 idem
715 729 796 808 ipsis,
810 730 863 810 qui
881 745 1013 790 summas

122 812 247 891 imperii
260 820 406 884 tenerent,
419 811 562 889 expedire
575 819 605 871 et
618 809 819 884 multitudini,
828 810 910 890 quod
924 809 1014 870 Darii

122 913 220 972 regno
244 891 378 971 ipsorum
401 891 548 951 niteretur
571 889 757 962 dominatio;
781 909 840 970 quo
864 890 1013 952 exstincto

122 973 135 1032 i
220 980 368 1051 potestate
380 970 522 1050 expulsos
535 970 653 1031 civibus
671 970 732 1030 suis
750 990 862 1049 poenas
880 970 1011 1031 daturos.

122 993 236 1132 Iptdhsue
259 1052 334 1112 adeo
357 1071 390 1111 se
413 1050 574 1111 abhorrere
594 1070 613 1111 a
633 1058 800 1110 ceterorum
824 1050 958 1123 consilio,
976 1059 1013 1111 ut
1027 1050 1066 1111 10

121 1132 204 1193 nihil
228 1141 316 1211 putet
343 1131 415 1210 ipsis
438 1131 553 1204 utilius,
573 1151 665 1210 quam
690 1129 861 1191 confirmari
884 1151 1012 1209 regnum

122 1213 297 1274 Persarum.
338 1212 441 1291 Hujus
468 1232 538 1271 eum
564 1210 744 1271 seutentiam
767 1210 893 1289 plurimi
916 1220 1012 1272 essent

122 1293 229 1366 secuti,
248 1291 413 1365 Miltiades,
433 1312 495 1352 non
515 1290 658 1351 dubitans
677 1300 742 1351 tam
762 1290 866 1351 multis
887 1293 1011 1353 consciis

121 1374 165 1434 ad
179 1372 258 1452 regis
275 1393 363 1433 aures
377 1372 571 1433 consiliosus
585 1380 777 1450 perventura,
792 1370 1010 1433 Chersonesum

122 1454 249 1532 reliquit
262 1473 299 1513 ac
312 1472 415 1513 rursus
428 1451 567 1512 Athenas
587 1451 776 1530 demigravit.
818 1451 912 1532 Cujus
933 1453 1010 1513 ratio
1025 1451 1064 1512 15

121 1534 179 1594 etsi
193 1554 256 1594 non
269 1532 377 1606 valuit,
391 1541 495 1593 tamen
510 1552 691 1612 magnopere
705 1541 749 1592 est
762 1532 926 1606 laudanda,
940 1553 1010 1593 cum

121 1614 252 1675 amicior
271 1613 409 1675 omnium
432 1612 568 1673 libertati
591 1633 683 1692 quam
707 1633 779 1674 suae
801 1613 894 1674 fuerit
917 1613 1010 1674 domi·

120 1694 250 1755 nationi.

162 1774 222 1836 IV.
244 1773 359 1835 Darius
372 1781 484 1848 autem,
497 1794 567 1834 eum
588 1794 627 1841 ex
647 1773 774 1853 Europa
792 1774 825 1833 in
839 1772 946 1835 Asiam
966 1795 1010 1834 re

119 1855 224 1928 disset,
237 1854 429 1919 hortantibus
450 1854 563 1935 amicis,
577 1864 612 1915 ut
627 1853 788 1916 Graeciam
808 1855 956 1932 redigeret
977 1855 1008 1914 in
1024 1852 1063 1913 20

4 1943 6 1947 ’
119 1955 208 1996 suam
219 1930 407 2014 potestatem,
418 1935 542 1999 classem
551 1936 786 2013 quingentarum
795 1935 921 1995 navium
932 1955 1010 1999 com·
1044 1972 1048 1975 -

120 2016 246 2095 paravit
259 2016 345 2095 eique
359 2015 465 2076 Datim
480 2016 625 2094 praefecit
643 2024 674 2075 et
686 2014 929 2096 Artaphernem
950 2016 1008 2075 his·

120 2116 181 2176 que
200 2096 333 2157 ducenta
353 2095 499 2179 peditum,
520 2095 623 2155 decem
643 2094 729 2154 milia
787 2094 885 2169 uitum
905 2095 1029 2169 dedit,a

121 2174 245 2237 calisam
273 2176 460 2249 interserens,
483 2197 515 2236 se
538 2176 654 2253 hostem
681 2195 742 2236 esse
794 2176 1006 2251 theniensibus,

121 2257 203 2337 quod
217 2276 322 2316 eorum
335 2256 452 2316 auxilio
469 2254 557 2316 Iones
576 2255 685 2317 Sardes
705 2266 928 2336 expugnassent
941 2278 1007 2318 sua
1021 2256 1065 2329 25Χ

120 2358 180 2417 que
207 2336 359 2416 praesidia
386 2335 611 2397 interfecissent.
666 2337 720 2396 Illi
746 2338 891 2416 praefacti
921 2339 1006 2418 regii,

120 2418 216 2478 classe
229 2417 270 2476 ad
284 2415 442 2481 Euboeam
455 2416 593 2496 appulsa,
607 2417 744 2483 celeriter
757 2417 909 2478 Eretriam
923 2439 1006 2498 cepe-

120 2505 194 2558 runt
214 2516 376 2576 omnesque
396 2497 460 2576 ejus
479 2497 577 2576 gentis
597 2498 677 2560 cives
697 2497 836 2577 abreptos
852 2498 885 2557 in
898 2497 1006 2559 Asiam

120 2578 160 2638 ad
181 2597 284 2657 regem
303 2577 458 2637 miserunt
499 2577 577 2638 Inde
600 2578 640 2638 ad
660 2577 797 2638 Atticam
819 2588 1007 2640 accesserunt

120 2678 155 2718 aa
176 2678 246 2718 suas
267 2658 368 2735 copias
388 2657 421 2715 in
441 2677 582 2735 campum
602 2657 787 2718 Marathona
804 2658 1004 2721 deduxerunt.
1019 2656 1060 2717 30

120 2736 151 2808 Is
165 2747 210 2798 est
223 2737 264 2797 ab
278 2737 389 2816 oppido
403 2736 521 2797 circiter
535 2738 621 2797 milia
630 2757 772 2818 passuum
783 2738 894 2799 decem.
936 2740 1005 2802 Hoc

119 2818 257 2879 tumultu
271 2816 470 2877 Athenienses
484 2825 548 2877 tam
561 2819 731 2898 propinquo
751 2819 874 2898 tamque
894 2841 1005 2900 magno
1018 2814 1031 2841 ⁹

119 2898 250 2976 permoti
263 2897 414 2957 auxilium
428 2917 578 2976 nusquam
591 2898 649 2957 nisi
663 2919 682 2958 a
696 2898 942 2961 Lacedaemoniis
956 2921 1005 2979 pe-

4 2990 6 3001 '
119 2978 264 3049 tiverunt,
279 2976 562 3057 Phidippidemque,
577 2997 726 3039 cursorem
741 2980 803 3058 ejus
817 2982 942 3058 generis,
953 3001 1006 3059 qur
1070 3026 1073 3033 r

120 3057 365 3118 hemerodromoe
389 3066 547 3129 vocantur,
568 3056 826 3119 Lacedaemonem
850 3061 1004 3143 miserunt,
1019 3054 1059 3115 35
1139 3109 1141 3113 .

120 3148 154 3198 ut
167 3137 332 3210 nuntiaret,
347 3157 439 3217 quam
453 3136 543 3197 celeri
559 3157 634 3214 opus
652 3148 728 3199 esset
747 3139 871 3200 auxilio.
901 3139 1005 3200 rDomi

120 3227 223 3279 autem
247 3225 352 3278 creant
374 3218 478 3278 decem
501 3224 662 3295 praetores,
682 3218 735 3297 qui
755 3219 902 3279 exercitui
921 3221 1005 3296 p‘rae

120 3307 225 3370 essent,
239 3296 273 3356 in
287 3296 329 3357 eis
342 3295 525 3357 Miltiadem.
566 3294 650 3355 Inter
661 3316 735 3375 quos
747 3317 859 3372 magna
869 3297 928 3353 fuit
938 3315 1005 3353 con-

120 3378 224 3452 tentio,
245 3385 350 3438 utrum
373 3373 531 3437 moenibus
551 3392 583 3433 se
606 3374 800 3435 defenderent
822 3391 863 3431 an
883 3371 1006 3430 obviam
