2346 3704
406 164 663 215 sensrnsns
697 168 703 175 ·
988 144 1033 214 to

63 323 223 386 habebat
235 323 341 403 regios,
355 321 493 383 inducias
513 342 533 383 a
552 321 675 382 Lacone
693 320 812 402 petivit,
831 319 977 382 simulans

66 427 108 466 se
127 406 210 465 dare
222 424 354 484 operam,
369 412 404 463 ut
423 401 672 463 Lacedaemoniis
692 422 762 461 curn
782 422 852 481 rege
872 423 977 463 conve·

67 486 181 558 niret,
194 506 225 544 re
239 493 342 545 autem
355 503 428 543 vera
442 485 482 544 ad
496 483 597 562 copias
613 482 848 561 comparandas;
868 500 977 562 easque

69 565 266 644 impetravit
293 563 466 624 trimestres.
507 561 634 624 Juravit
660 570 763 622 autem
790 574 924 641 uterque,
945 582 977 622 se

70 646 157 705 sine
172 644 238 704 dolo
252 643 391 703 inducias
404 651 661 705 conservaturum.
702 640 741 702 In
779 663 819 702 ua
838 642 977 721 pactione
1010 641 1031 702 5

71 745 210 786 summa
219 724 279 784 fide
287 723 400 783 mansit
410 723 586 801 Agesilaus;
601 730 706 782 eontra
719 726 756 783 ea‘
791 723 977 803 issaphernes

72 804 172 866 nihil
184 804 269 864 aliud
283 824 376 885 quam
389 802 505 863 bellum
519 802 715 882 comparavit
756 802 794 863 Id
815 802 870 863 etsi
889 804 978 863 senti·

74 886 164 946 ebat
185 885 278 957 Inoo,
299 892 402 945 tamen
425 884 437 961 j
472 883 640 962 jurandum
663 882 813 955 servabat,
835 882 978 943 multum·

76 986 153 1046 que
165 965 197 1024 in
211 985 246 1025 eo
259 985 291 1024 se
302 964 443 1042 consequi
456 962 586 1035 dicebat,
596 962 678 1041 quod
691 961 903 1042 Tissaphernes
913 983 978 1042 per-

81 1046 178 1126 jurio
191 1065 246 1106 suo
260 1053 290 1105 et
304 1044 439 1104 homines
459 1042 520 1103 suis
541 1043 630 1102 rebus
651 1042 838 1103 abalienaret
858 1050 888 1102 et
908 1043 978 1102 deos
992 1041 1032 1102 10

77 1125 149 1187 sihi
170 1126 264 1185 iratos
285 1124 440 1195 redderet;
460 1143 492 1183 se
513 1131 617 1184 autem
637 1131 814 1184 conservata
835 1122 979 1202 religione

79 1206 270 1267 confirmare
290 1203 468 1276 exercitum,
485 1223 554 1263 cum
577 1203 839 1276 animadverteret,
852 1204 977 1264 deornm

78 1306 204 1346 numen
218 1286 316 1345 facere
329 1303 439 1356 secum,
453 1283 647 1362 hominesque
660 1283 717 1343 sibi
732 1284 892 1344 conciliare
905 1284 978 1344 ami-

80 1367 193 1438 ciores,
209 1365 290 1444 quod
303 1364 350 1425 his
362 1364 482 1424 studere
497 1372 694 1438 consuessent,
708 1384 782 1444 quos
802 1384 978 1427 conservare

82 1446 184 1506 fidem
197 1445 345 1507 viderent.
992 1442 1031 1503 15

130 1525 193 1585 111.
207 1526 373 1604 Postquam
383 1523 575 1585 induciarum
585 1524 820 1604 praeteriitdies,
830 1525 977 1586 barbarus

82 1627 150 1666 non
173 1606 325 1678 dubitans,
346 1605 427 1684 quod
451 1605 545 1686 ipsius
565 1614 652 1666 erant
671 1605 805 1686 plurima
824 1606 979 1667 domicilia

83 1688 121 1746 in
136 1686 230 1747 Caria
244 1694 274 1745 et
287 1706 323 1746 ea
336 1686 418 1764 regio
431 1685 479 1745 his
495 1685 681 1764 temporibus
701 1686 798 1746 multo
812 1685 979 1765 putabatur

84 1765 336 1846 locupletissima,
350 1786 384 1825 eo
405 1766 594 1845 potissimum
611 1765 709 1826 hostes
723 1766 869 1845 impeturn
883 1765 978 1825 factu·

85 1867 147 1919 ros,
159 1867 263 1906 omnes
276 1867 344 1906 suas
359 1847 459 1926 copias
473 1867 508 1907 eo
519 1855 720 1907 contraxerat.
761 1846 807 1906 At
817 1845 977 1923 Agesilaus
991 1842 1032 1903 20

85 1928 123 1987 in
138 1927 307 2005 Phrygiam
320 1946 351 1986 se
364 1927 521 1999 convertit,
535 1946 663 2005 eamque
679 1926 763 2004 prius
777 1926 854 2004 depo
875 1924 978 1985 ulatus

86 2016 144 2080 est,
160 2026 252 2084 quam
266 2005 478 2085 Tissaphernes
492 2026 620 2085 usquam
633 2026 665 2065 se
679 2013 820 2065 moveret.
898 2025 978 2083 agna

85 2087 206 2167 praeda
231 2086 378 2146 militibus
401 2085 602 2165 locupletatis,
627 2085 783 2164 Ephesum
810 2085 977 2145 hiematum

86 2166 259 2228 exercitum
280 2167 410 2240 reduxit,
424 2176 515 2246 atque
532 2166 574 2226 ibi
589 2165 714 2225 officinis
728 2186 881 2226 armorum
895 2165 977 2226 insti·

85 2247 177 2318 tutis,
196 2267 307 2325 magna
330 2246 479 2306 industria
503 2246 619 2306 bellum
643 2247 812 2324 apparavit.
853 2246 897 2307 Et
916 2267 976 2325 quo
990 2243 1031 2306 25

86 2326 253 2388 studiosius
266 2335 456 2386 armarentur
473 2326 679 2405 insigniusque
692 2336 879 2401 ornarentur,
893 2347 977 2407 prae·

86 2407 155 2467 mia
174 2407 338 2486 proposuit,
358 2406 467 2486 quibus
487 2407 681 2479 donarentur,
702 2427 830 2485 quorum
857 2409 977 2487 egregia

87 2488 123 2547 in
138 2506 176 2547 ea
194 2506 227 2546 re
246 2486 350 2547 fuisset
371 2486 528 2547 industria.
569 2485 657 2547 Fecit
680 2487 760 2547 idern
780 2488 813 2547 in
833 2489 977 2550 exercita·

87 2568 210 2628 tionum
232 2566 399 2645 generibus,
420 2575 463 2640 ut,
484 2566 537 2647 qui
558 2567 664 2628 ceteris
683 2568 907 2647 praestitissent,
927 2589 977 2630 eos

89 2647 210 2725 magnis
224 2646 354 2707 afficeret
367 2647 551 2709 muneribus.
592 2647 654 2708 His
664 2647 758 2727 igitur
768 2648 856 2709 rebus
870 2649 976 2722 effecit,
991 2645 1032 2708 30

89 2737 127 2788 ut
141 2735 172 2786 et
184 2726 407 2787 ornatissimum
421 2736 451 2788 et
461 2727 743 2788 exercitatissimum
756 2728 881 2790 haberet
894 2750 978 2790 exer·

90 2808 195 2867 citum.
236 2805 321 2867 Huic
334 2827 404 2867 curn
418 2816 536 2886 tempus
557 2817 633 2882 esset
645 2808 745 2870 visum
764 2809 865 2888 copias
879 2819 978 2872 extra-

90 2888 164 2948 here
177 2907 216 2947 ex
229 2886 442 2960 hibernaculis,
452 2888 541 2960 vidit,
554 2889 589 2961 si,
603 2908 663 2967 quo
677 2897 752 2949 esset
762 2889 820 2949 iter
833 2890 976 2962 facturus

91 2966 195 3046 palam
208 2967 439 3046 pronuntiasset,
454 2967 552 3029 hostes
572 2988 634 3028 non
656 2969 821 3031 credituros
842 2970 977 3050 aliasque

91 3046 227 3126 regiones
236 3047 392 3126 praesidiis
402 3055 609 3125 occupaturos,
617 3068 673 3107 neo
683 3048 882 3123 dubitaturos,
891 3049 977 3110 aliud
990 3044 1031 3106 35

90 3146 153 3188 esse
179 3127 332 3188 facturum
360 3146 396 3186 ao
445 3128 652 3187 ronuntiasset.
694 3126 803 3206 Itaque
826 3149 896 3189 curn
923 3129 977 3187 ille

91 3206 199 3269 Sardes
219 3206 335 3267 iturum
356 3226 387 3266 se
430 3206 542 3279 ixisset,
556 3205 767 3284 Tissaphernes
781 3208 907 3267 eandem
920 3207 976 3267 Oa-

90 3287 168 3347 riam
182 3285 401 3346 defendendam
415 3285 544 3364 putavit.
585 3284 624 3344 In
638 3305 777 3364 quocum
791 3305 861 3344 eum
874 3284 975 3362 opinio

89 3366 244 3430 fefellisset
267 3365 443 3445 victumque
468 3383 500 3426 se
513 3363 637 3426 vidisset
663 3362 796 3435 oonsssm,
822 3381 888 3425 sero
913 3361 977 3421 suis
