2346 3704
407 139 660 189 1111111111.
988 122 1029 189 77

79 298 279 380 gravioribus
299 299 403 379 poenis
422 298 511 372 affici,
525 298 578 378 qui
599 297 775 379 religionem
786 296 975 371 «minuerent,

81 401 182 459 quam
195 381 248 459 qni
261 380 336 439 fana
349 378 522 459 spoliarent

133 457 171 522 V.
191 460 264 520 Post
285 459 344 520 hoc
362 459 512 539 proelium
533 457 679 520 collatum
697 479 786 520 omne
798 457 913 520 bellum
931 466 976 520 est

83 539 171 600 circa
180 540 372 613 Corinthum,
382 540 449 600 ideo
471 559 510 599 ue
520 538 712 600 Corinthium
723 547 768 600 est
777 539 974 619 appellatum

83 618 154 680 Hic
167 640 236 681 cum
249 640 313 679 una
333 639 437 699 pugna
450 560 560 680 decem
579 618 667 680 milia
687 619 818 680 hostium
831 618 976 698 Agesilao
1009 618 1029 678 5

84 699 167 761 duce
192 700 378 772 cecidissent,
404 719 500 778 eoque
525 698 608 760 facto
634 719 652 760 o
734 699 976 760 adversariorum

84 779 265 841 debilitatae
285 779 470 852 viderentur,
490 787 613 840 tantum
633 799 653 840 a
673 778 735 839 fuit
756 779 796 839 ab
817 778 977 841 insolentia

86 859 210 938 gloriae,
220 869 259 921 ut
271 860 497 921 commiseratus
509 859 550 920 sit
562 859 717 920 fortunam
729 856 885 931 Graeciae,
895 859 976 939 quod

43 996 74 1018 ,
87 948 153 1000 tam
162 940 284 1001 multia
293 960 326 1000 se
334 938 410 1001 victi
418 939 496 1002 vitio
508 939 752 1001 adversariorum
765 939 976 1010 concidissent;

89 1039 158 1079 nam
180 1041 220 1081 11
229 1020 287 1080 illa
296 1018 502 1093 multitudine,
512 1019 538 1079 si
551 1040 626 1079 sana
638 1039 723 1080 mens
736 1028 821 1091 esset,
832 1017 977 1079 Graeciae
991 1015 1030 1078 10

91 1041 273 1180 supplicium
285 1099 391 1159 Persas
400 1099 473 1159 dare
482 1100 622 1178 potuisse.
663 1097 751 1159 Idem
760 1118 829 1159 cum
840 1099 977 1160 adversa·

91 1181 147 1241 rios
166 1180 251 1241 intra
271 1180 391 1240 moenia
411 1179 613 1258 compulisset,
625 1187 664 1252 et,
679 1188 714 1239 ut
727 1178 907 1239 Corinthum
927 1199 978 1259 op

90 1269 248 1341 pugnaret,
262 1260 353 1320 multi
372 1259 575 1333 hortarentur,
588 1259 713 1352 negavit
733 1259 764 1318 id
785 1279 857 1319 suae
869 1259 977 1322 virtuti

90 1342 265 1404 convenire:
286 1360 318 1400 se
337 1339 418 1399 enim
438 1359 508 1399 eum
528 1359 591 1399 esse
611 1339 699 1412 drxit,
713 1339 766 1418 qui
785 1340 825 1399 ad
846 1340 977 1400 officium
1107 1380 1111 1389 -

89 1430 248 1502 peccantes
261 1420 360 1480 redire
374 1427 502 1498 cogeret,
516 1440 587 1492 non,
601 1419 654 1498 qui
673 1419 763 1479 urbes
776 1419 977 1481 nobilissimas
991 1415 1031 1479 15

89 1510 281 1583 expugnaret
300 1500 455 1560 Graeciae.
497 1498 606 1559 “Nam
628 1498 681 1572 si,”
702 1499 734 1559 in
755 1500 812 1575 uit,
831 1503 907 1562 “eos
927 1522 978 1562 ex-

88 1583 243 1662 stinguere
256 1580 449 1653 voluerimus,
464 1579 517 1658 qui
536 1579 693 1640 nobiscum
754 1600 858 1643 versus
871 1581 978 1642 barba

87 1683 136 1723 ros
156 1669 315 1734 stetenmt,
328 1668 445 1721 nosmet
465 1660 523 1738 ipsi
543 1680 597 1720 nos
617 1661 902 1740 expugnaverimus,
916 1661 978 1723 illis

87 1741 320 1823 quiescentibus.
362 1740 433 1818 Quo
453 1739 534 1800 facto
553 1739 618 1800 sine
638 1741 768 1822 negotio,
788 1761 859 1801 cum
876 1741 977 1803 velue

87 1824 159 1896 rint,
173 1842 230 1882 nos
244 1819 442 1901 oppriment''
991 1815 1031 1881 20

127 1902 188 1965 VI.
210 1901 339 1961 Interim
361 1901 472 1961 accidit
492 1900 549 1962 illa
570 1900 727 1963 calamitas
748 1900 831 1982 apud
844 1900 978 1963 Leuctra

87 1981 355 2044 Lacedaemoniis:
381 2001 440 2060 quo
460 2002 499 2042 ne
518 1982 765 2062 proficisceretur,
786 2002 856 2042 cum
876 2002 896 2042 a
938 1982 977 2042 le-

86 2063 191 2142 risque
211 2061 251 2122 ad
272 2061 446 2122 exeundum
479 2070 652 2132 remeretur,
666 2070 701 2122 11
714 2062 739 2121 11
752 2060 791 2122 de
803 2061 888 2122 exitu
924 2062 977 2124 rvi-

87 2152 188 2215 naret,
201 2142 286 2203 exire
297 2141 405 2202 noluit
446 2083 627 2216 1111111111
648 2141 875 2220 Epaminondas
889 2141 910 2203 S
932 2163 977 2202 ar-

86 2233 155 2284 tam
169 2230 368 2302 oppugnaret,
381 2231 515 2302 essetque
527 2222 592 2282 sine
605 2222 700 2282 muris
716 2221 871 2301 oppidum,
930 2244 977 2284 ern
990 2217 1030 2281 25

86 2324 121 2366 se
147 2301 362 2382 imperatorem
409 2303 537 2375 raebuit,
558 2311 594 2363 ut
620 2322 655 2363 eo
681 2310 815 2382 tempore
838 2303 977 2365 omnibus

86 2383 276 2464 apparuerit,
295 2382 355 2444 nisi
382 2384 389 2397 '
417 2403 434 2443 e
460 2383 573 2457 fuisset,
592 2381 734 2463 Spartam
761 2383 896 2444 firturam
916 2405 978 2445 non

86 2465 190 2525 fnisse
230 2462 270 2523 In
283 2484 343 2543 quo
357 2463 479 2542 quidem
499 2462 671 2523 discrimine
684 2463 821 2524 celeritas
834 2466 896 2544 ejus
910 2486 978 2526 con·

86 2545 152 2607 silii
165 2542 258 2605 saluti
271 2543 331 2604 fuit
342 2543 500 2606 universis.
541 2541 706 2603 Nemeum
721 2543 844 2623 quidam
865 2545 978 2606 1111111-

87 2625 214 2698 centuli,
241 2623 374 2685 hostium
400 2623 536 2686 adventu
562 2624 724 2703 perterriti,
750 2623 791 2684 ad
818 2623 977 2686 Thebanos
991 2618 1031 2680 30

87 2704 280 2783 transfugere
302 2704 418 2766 vellent
444 2712 476 2764 et
498 2702 600 2764 locum
621 2712 710 2764 extra
730 2703 838 2765 urbem
861 2705 977 2767 editum

88 2785 247 2865 cepissent,
260 2784 431 2863 Agesilaus,
444 2783 497 2862 qui
518 2784 800 2863 perniciosissimum
820 2786 883 2846 fore
896 2787 977 2848 vide

88 2874 147 2938 ret,
173 2864 200 2926 si
228 2865 473 2927 animadversum
500 2873 575 2924 esset
602 2884 784 2943 quemquam
811 2866 852 2925 ad
877 2865 976 2927 hostes

88 2945 280 3024 transfugere
300 2944 412 3017 conari,
432 2964 503 3004 cum
526 2944 587 3004 suis
610 2964 645 3004 eo
665 2944 751 3006 venit
773 2955 872 3024 atque,
893 2955 928 3006 ut
951 2946 977 3005 si

89 3026 171 3088 bono
180 3025 284 3086 animo
293 3023 439 3097 fecissent,
450 3023 590 3084 laudavit
602 3024 761 3084 consilium
772 3045 884 3097 eorum,
916 3025 976 3084 uod
991 3017 1030 3077 35

89 3126 161 3168 eum
181 3104 283 3166 locum
302 3112 506 3183 occupassent,
520 3113 550 3165 11
563 3124 595 3164 se
607 3103 640 3163 id
653 3124 772 3195 quoque
785 3104 850 3162 fieri
870 3105 907 3163 de
928 3123 978 3163 ere

89 3184 347 3248 animadvertisse.
388 3183 439 3244 sio
452 3182 690 3244 adolescentulos
710 3182 853 3242 simulata
874 3181 978 3240 lauda-

89 3267 173 3328 tione
183 3263 383 3357 recuperavit,
392 3271 423 3323 11
431 3263 582 3343 adjunctis
590 3264 629 3323 de
638 3262 700 3322 suis
710 3260 869 3321 comitibus
877 3260 978 3319 locum

89 3354 193 3409 tutum
213 3345 345 3425 reliquit
385 3342 528 3422 Namque
546 3342 604 3416 illi,
616 3350 707 3402 aucto
726 3357 851 3397 numero
865 3354 978 3408 eorum,
