2288 3698
239 159 270 206 r.
297 154 549 206 Bounomos
579 157 771 205 arrrons.
937 140 1001 203 113
1077 196 1086 211 ,

69 304 124 394 que
136 315 278 393 cognosci,
292 313 443 393 simulque
462 314 588 393 aperire,
602 333 633 372 se
653 332 714 374 non
734 313 881 386 fortunae,
895 313 947 374 sed

69 395 231 456 hominibus
252 394 349 454 solere
361 413 423 453 esse
439 393 580 453 amicum.
622 392 710 469 Quae
724 412 793 452 eum
807 393 946 467 faciebat,

69 494 148 535 nemo
173 495 243 535 eum
271 474 414 553 temporis
449 493 540 532 causa
567 471 665 532 facere
695 481 813 551 poterat
846 472 946 534 existi·

67 574 151 614 mare.
190 554 316 614 Nemini
336 553 416 613 enim
437 554 469 612 in
490 573 507 612 ο
528 552 661 612 inionem
680 552 830 626 veniebat,
850 554 945 615 Anto-

66 634 144 693 nium
158 655 258 695 rerum
279 633 456 712 potiturum.
577 632 685 692 sensim
707 631 732 691 is
752 652 771 692 a
791 634 945 695 nonnuliis
979 635 998 693 5

66 714 261 792 optimatibus,
270 713 471 773 familiaribus
479 714 551 792 ejus,
560 711 842 790 reprehendebatur,
864 714 944 792 quod

65 812 167 870 parum
181 794 278 854 odisse
290 792 386 853 malos
398 792 480 853 cives
493 792 655 853 videretur.
697 791 756 852 Ille
775 802 877 853 autem
897 795 943 854 sui

67 874 170 951 judicii
192 874 301 953 potius,
336 872 389 932 uid
411 871 561 932 sefacere
581 892 639 951 par
660 879 744 944 esset,
760 872 943 947 intuebatur,

64 973 149 1033 quam
184 954 237 1013 uid
251 953 305 1012 alii
315 893 474 1013 iaudaturi
488 951 595 1011 forent

102 1032 142 1095 X.
212 1053 322 1094 aversa
348 1053 362 1092 s
406 1033 448 1092 ito
472 1031 595 1092 fortuna
621 1038 673 1092 est.
723 1031 769 1093 Ut
792 1031 943 1094 Antonius
959 1033 996 1094 10

63 1112 148 1174 rediit
160 1114 192 1173 in
206 1112 339 1185 Italiam,
354 1133 373 1172 n
423 1132 441 1172 o
462 1132 522 1172 non
542 1132 653 1192 magno
669 1112 702 1170 in
715 1112 850 1190 periculo
863 1113 943 1174 Atti-

63 1211 128 1253 cum
141 1201 264 1272 putarat
283 1200 406 1272 propter
425 1192 562 1252 intimam
577 1191 814 1254 familiaritatem
829 1193 943 1255 Cicero

62 1272 106 1332 nis
119 1282 148 1334 et
161 1273 259 1333 Bruti.
280 1272 409 1352 ,Itaque
430 1272 469 1331 ad
490 1271 655 1333 adventum
669 1272 884 1352 imperatorum
905 1274 942 1335 de

62 1351 124 1414 foro
149 1353 322 1425 decesserat,
349 1353 458 1412 timens
485 1352 741 1431 proscriptionem,
769 1354 941 1434 latebatque

61 1433 141 1511 apud
160 1434 194 1494 P.
209 1432 421 1505 Volumnium,
435 1433 493 1506 eui,
508 1441 543 1492 ut
559 1432 750 1506 ostendimus,
765 1435 857 1513 paulo
870 1446 941 1497 ante
956 1436 993 1495 15

60 1531 144 1591 opem
168 1514 297 1574 tulerat:
330 1512 432 1589 (tanta
455 1513 585 1575 varietas
612 1513 648 1573 iis
676 1514 859 1592 temporibus
881 1517 941 1577 fuit

60 1591 203 1667 fortunae,
216 1603 252 1655 ut
273 1594 362 1655 modo
382 1593 424 1667 hi,
438 1592 526 1654 modo
540 1593 587 1652 iili
601 1592 633 1652 in
646 1614 763 1654 summo
777 1606 872 1656 essent
886 1605 940 1658 aut

59 1671 175 1755 fastigio
189 1684 243 1735 aut
257 1673 416 1754 periculo),
430 1672 621 1752 habebatque
634 1694 734 1733 secum
749 1675 788 1749 Q.
803 1675 938 1736 Gellium

59 1750 182 1829 Canum,
196 1754 353 1835 aequalem
373 1753 621 1834 simillimumque
634 1755 689 1813 sui.
730 1753 800 1814 Hoc
821 1775 938 1834 quoque

57 1833 93 1895 sit
113 1835 211 1897 Attici
232 1834 375 1896 bonitatis
396 1834 579 1913 exemplum,
597 1834 679 1913 quod
700 1854 768 1893 oum
791 1854 834 1906 eo,
849 1855 937 1926 quem
952 1834 991 1895 20

57 1933 181 1994 puerum
195 1917 228 1975 in
245 1915 317 1976 ludo
332 1924 521 1993 cognoverat,
534 1914 610 1974 adeo
630 1914 788 1991 conjuncte
801 1914 889 1987 vixit,
903 1925 938 1975 nt

57 1996 93 2055 ad
106 2006 273 2057 extremam
287 2004 416 2057 aetatem
432 1994 566 2055 amicitia
580 2013 683 2053 eorum
697 1993 832 2053 creverit.
872 1992 936 2054 An-

56 2078 152 2137 tonius
165 2086 276 2149 autem,
291 2075 346 2136 etsi
359 2082 444 2135 tanto
458 2074 526 2134 odio
540 2071 693 2133 ferebatur
706 2072 738 2132 in
752 2072 935 2149 Ciceronem,

56 2166 162 2218 utnon
173 2157 273 2218 solum
287 2156 323 2229 ei,
336 2155 388 2216 sed
408 2154 500 2216 etiam
514 2151 653 2215 omnibns
666 2154 730 2233 ejus
743 2152 847 2214 amieis
861 2164 936 2217 esset

56 2235 199 2311 inimicus,
216 2256 324 2316 eosque
337 2235 431 2298 vellet
451 2233 643 2315 proscribere,
665 2232 769 2293 multis
790 2233 934 2297 hortanti·
948 2234 987 2295 25

56 2313 107 2378 bus
121 2327 223 2378 tamen
236 2315 334 2377 Attici
347 2335 462 2376 memor
475 2314 534 2375 fuit
547 2313 645 2386 officii,
659 2322 689 2374 et
705 2313 742 2388 ei,
755 2334 824 2374 eum
839 2317 934 2395 requi·

55 2396 143 2472 sisset,
164 2396 291 2457 ubinam
312 2406 396 2468 esset,
417 2417 472 2455 sua
493 2415 586 2455 manu
608 2393 734 2474 scripsit,
756 2415 794 2455 ne
815 2396 934 2457 timeret

54 2479 212 2558 statimque
233 2476 273 2537 ad
294 2497 326 2536 se
338 2476 471 2548 veniret3
491 2496 522 2535 se
536 2495 606 2534 eum
627 2483 657 2535 et
678 2474 761 2535 illius
775 2495 865 2537 eausa
879 2476 934 2537 Ca-

55 2574 121 2618 num
150 2559 188 2619 de
215 2556 451 2649 proscriptorum
477 2575 602 2615 numero
629 2555 779 2616 exemisse.
821 2556 869 2616 Ac
896 2578 933 2618 ne

54 2639 130 2775 ppod
143 2637 313 2732 perieulpm
332 2637 485 2729 incideret,
500 2635 579 2728 quod
601 2644 691 2695 noctu
711 2635 811 2727 fiebat,
825 2639 934 2715 praesi·
947 2638 986 2699 30

84 2739 134 2778 um
157 2739 186 2779 e1
210 2725 300 2778 m1s1t
341 2716 391 2777 Sic
410 2715 532 2776 Atticus
556 2736 589 2774 m
609 2735 726 2775 summo
746 2723 855 2777 trmore
872 2737 933 2778 non

54 2797 146 2858 solum
165 2797 233 2870 sibi,
247 2796 300 2857 sed
320 2797 411 2856 etiam
432 2796 468 2867 ei,
483 2815 572 2875 quem
593 2795 780 2856 carissimum
794 2795 933 2873 habebat,

53 2879 197 2953 praesidio
211 2877 278 2937 fuit.
320 2876 427 2955 Neque
446 2874 526 2935 enim
547 2895 619 2936 suae
638 2875 736 2936 solnm
750 2895 769 2935 a
783 2897 933 2956 quoquam

54 2958 200 3017 auxilinm
214 2957 302 3052 petiit
315 2955 429 3029 salutis,
440 2955 492 3015 sed
506 2956 704 3035 conjunctim
719 2966 754 3016 ut
767 2967 933 3035 appareret,

54 3036 166 3099 nullam
187 3046 353 3117 sejunctam
373 3035 430 3095 sibi
444 3035 484 3095 ab
498 3055 533 3095 eo
545 3035 626 3095 velle
640 3036 801 3097 fortunam.
843 3035 935 3112 Quod
948 3035 987 3095 35

54 3114 77 3173 si
96 3118 278 3196 gubernator
294 3116 457 3195 praecipua
471 3115 561 3175 laude
575 3114 679 3188 fertur,
694 3116 745 3195 qui
766 3130 875 3176 navem
896 3136 936 3176 ex

56 3191 147 3258 hieme
164 3198 301 3276 marique
320 3195 476 3274 scopuloso
497 3205 606 3267 servat,
620 3215 675 3254 eur
694 3215 755 3255 non
775 3194 936 3272 singularis

55 3274 113 3352 ejus
125 3277 314 3338 existimetur
327 3275 497 3355 prudentia,
512 3275 564 3351 qni
585 3294 624 3333 ex
644 3282 689 3333 tot
702 3282 825 3349 tamque
837 3274 937 3360 gravi·

56 3349 106 3416 bus
119 3356 258 3437 procellis
271 3355 412 3418 civilibus
426 3353 466 3414 ad
479 3351 717 3413 incolumitatem
731 3349 889 3425 pervemtt

152 3436 206 3485 8-
215 3435 311 3498 Nepos.
