2346 3704
138 138 181 206 90
414 152 628 202 contram
657 152 851 202 11110110.

189 310 316 394 pedibus
345 331 411 392 jam
438 330 499 372 non
526 320 643 374 valeret
670 311 869 389 vehiculoque
895 317 1079 389 portaretur,

186 394 292 471 magni
314 412 474 453 concursus
495 402 566 452 sunt
587 391 669 465 facti,
686 412 754 451 cum
777 391 839 463 alii,
855 391 1079 450 reminiscentes

189 474 299 536 veteris
312 473 419 545 famae,
434 473 540 532 aetatis
555 473 783 543 misererentur3
804 471 931 549 plurimi
945 491 1018 531 vero
1032 470 1079 529 ira

189 563 408 614 exacuerentur
421 573 477 631 pro
498 560 545 611 101
556 552 735 631 proditionis
746 551 951 629 ‚suspicionem
966 550 1078 622 Piraei,

156 633 381 712 dmaximeque
405 651 464 711 quo
510 633 653 693 adversus
677 630 783 710 populi
804 630 962 690 commoda
982 630 1016 689 in
1036 651 1078 689 se

188 723 309 774 nectute
323 721 453 773 steterat,
496 712 568 788 Qua
582 712 619 772 de
633 733 665 772 re
678 731 716 770 ne
730 710 891 790 perorandi
906 710 1029 788 quidem
1051 710 1079 769 01

188 795 261 855 data
282 802 327 854 est
348 793 477 853 facultas
499 801 529 852 et
550 792 670 851 dicendi
685 812 814 851 causam.
856 788 933 850 Inde
950 789 1077 868 judicio,

188 874 331 953 legitimis
346 873 527 952 quibusdam
548 872 698 944 confectis,
714 872 875 931 damnatus
888 870 1020 930 traditus
1034 879 1078 928 est

188 954 410 1026 undecimviris‚
432 953 541 1032 quibus
568 952 608 1012 ad
635 952 818 1030 supplicium
845 970 928 1010 more
948 949 1077 1009 Atheni-

136 1034 174 1096 10
188 1036 304 1095 ensium
325 1032 446 1114 publice
459 1032 596 1092 damnati
616 1032 697 1092 tradi
717 1031 821 1092 solent.
863 1030 925 1089 Hic
946 1050 1017 1090 cum
1038 1028 1077 1088 ad

188 1124 315 1175 mortem
330 1115 498 1185 duceretur,
512 1112 619 1173 obvius
633 1112 661 1171 ei
674 1111 734 1171 fuit
747 1110 939 1189 Euphiletus,
954 1130 1014 1189 quo
1035 1109 1076 1168 fa-

188 1194 347 1254 miliariter
367 1193 467 1253 iuerat
490 1212 569 1252 usus.
611 1192 642 1252 Is
662 1213 732 1251 cum
753 1190 915 1250 lacrimans
934 1190 1075 1249 dixisset:

189 1275 245 1334 “O
268 1273 508 1353 quam.indigna
529 1273 700 1351 perpeteris,
718 1269 898 1331 Phocionl''
920 1269 993 1329 huie
1014 1269 1074 1342 1110,

189 1353 260 1414 “At
287 1374 348 1413 non
372 1353 555 1431 inopinata,''
580 1353 696 1431 inquit;
724 1352 832 1411 “hunc
856 1350 937 1410 enim
958 1350 1075 1409 exitum

135 1434 174 1495 15
188 1434 325 1513 plerique
339 1434 414 1493 clari
428 1433 487 1494 viri
503 1432 676 1492 habuerunt
689 1429 916 1492 Athenienses''
959 1428 998 1488 In
1018 1429 1074 1488 hoc

188 1523 309 1574 tantum
329 1514 388 1573 fuit
410 1513 513 1573 odium
535 1512 748 1585 multitudinis,
763 1520 798 1571 ut
817 1530 909 1575 nemo,
926 1530 1017 1569 ausus
1036 1509 1073 1569 sit

188 1613 258 1653 eum
271 1593 349 1653 liber
360 1593 494 1673 sepelire
536 1592 644 1672 Itaque
657 1613 677 1652 a
689 1592 783 1654 servis
796 1590 931 1671 sepultus
942 1598 995 1650 est.

493 1842 767 1856 *aa*

403 2029 492 2103 XX.
529 2029 853 2103 TIMOLEON.

528 2193 740 2235 -ooxxoo—

227 2312 253 2376 I.
273 2313 449 2377 ’1111011011
459 2313 642 2377 Corinthius.
682 2315 754 2376 Sine
765 2314 857 2377 dubio
872 2336 1000 2396 magnus
1013 2339 1081 2399 oms

187 2394 273 2456 nium
282 2396 399 2476 judicio
412 2396 462 2456 hic
473 2396 522 2458 vir
535 2397 658 2457 exstitit
700 2396 842 2474 Namque
852 2397 924 2458 huic
938 2399 993 2458 uni
1007 2420 1069 2459 0011-

135 2473 174 2538 20
188 2476 265 2555 tigit,
280 2475 361 2554 qnod
374 2476 473 2536 nescio
487 2497 527 2535 au
541 2476 606 2549 ulli,
621 2485 656 2536 nt
676 2485 706 2537 et
725 2478 866 2555 1111111111,
881 2478 989 2559 inqua
1008 2489 1069 2539 erat

187 2565 285 2628 natus,
299 2573 470 2634 oppressam
485 2577 503 2616 a
516 2565 647 2635 tyranno
667 2557 818 2629 liberaret,
832 2565 863 2617 et
874 2578 895 2617 1
908 2558 1068 2636 Syracusis,

188 2635 297 2714 quibus
318 2635 434 2696 auxilio
457 2644 522 2696 erat
543 2636 659 2710 missus,
675 2637 876 2698 inveteratam
896 2638 1067 2699 servitutem

188 2714 360 2793 depelleret,
372 2715 539 2794 'totamque
565 2715 710 2789 Siciliam,
735 2717 846 2777 multos
870 2738 965 2777 annos
993 2718 1067 2779 bello

186 2803 330 2857 vexatam
354 2816 374 2856 a
394 2796 590 2876 barbarisque
610 2817 791 2874 oppressam,
811 2817 865 2858 suo
886 2798 1020 2858 adventu
1039 2800 1067 2858 in

133 2875 173 2935 25
187 2875 349 2955 pristinum
369 2877 545 2937 restitueret.
586 2876 646 2937 Sed
660 2877 693 2935 in
705 2878 753 2937 his
766 2877 855 2938 rebus
869 2897 930 2938 non
942 2878 1066 2958 simplici

187 2957 310 3015 fortuna
324 2956 512 3016 conflictatus
526 2966 570 3017 est
584 2964 623 3029 01,
633 2957 666 3016 id
677 2958 757 3035 quod
770 2958 924 3018 difficilius
938 2969 1066 3035 putatur,

186 3034 283 3095 multo
296 3036 460 3113 sapientius
474 3037 547 3096 tulit
557 3038 721 3096 secundam
732 3058 827 3116 quam
843 3040 1002 3100 adversam
1015 3041 1066 3101 for-

186 3123 302 3174 tunam.
344 3115 425 3172 Nam
447 3135 515 3174 cum
538 3116 631 3175 frater
652 3116 716 3194 ejus
737 3116 949 3196 Timophanes,
969 3120 1032 3179 dux
1049 3142 1065 3181 a

187 3191 351 3252 Corinthiis
365 3192 506 3265 delectus,
520 3195 712 3272 tyrannidem
726 3216 780 3274 per
793 3198 904 3258 milites
923 3219 1065 3261 mercena·

134 3266 174 3327 30
188 3271 246 3329 rios
255 3280 429 3361 occupasset
442 3261 649 3351 particepsqr're
662 3275 748 3353 regni
761 3286 858 3354 posset
872 3299 942 3352 esse,
953 3288 1064 3340 tantum

186 3347 286 3407 ahfiut
312 3368 332 3406 a
356 3350 499 3409 societate
524 3352 649 3425 sceleris,
677 3363 712 3413 ut
741 3357 917 3419 antetulerit
950 3380 1064 3422 suornm
