<?xml version="1.0" encoding="UTF-8"?>
<!DOCTYPE html PUBLIC "-//W3C//DTD XHTML 1.0 Transitional//EN"
    "http://www.w3.org/TR/xhtml1/DTD/xhtml1-transitional.dtd">
<html xmlns="http://www.w3.org/1999/xhtml" xml:lang="en" lang="en">
 <head>
  <title>
</title>
<meta http-equiv="Content-Type" content="text/html;charset=utf-8" />
  <meta name='ocr-system' content='tesseract 3.04.00' />
  <meta name='ocr-capabilities' content='ocr_page ocr_carea ocr_par ocr_line ocrx_word'/>
</head>
<body>
  <div class='ocr_page' id='page_1' title='image "./corneliinepotis00stuagoog_0089.png"; bbox 0 0 2346 3704; ppageno 0'>
   <div class='ocr_carea' id='block_1_1' title="bbox 456 158 892 208">
    <p class='ocr_par' dir='ltr' id='par_1_1' title="bbox 456 158 892 208">
     <span class='ocr_line' id='line_1_1' title="bbox 456 158 892 208; baseline 0.007 -4"><span class='ocrx_word' id='word_1_1' title='bbox 456 158 668 205; x_wconf 73' lang='lat' dir='ltr'>CORNELII</span> <span class='ocrx_word' id='word_1_2' title='bbox 698 159 892 208; x_wconf 73' lang='lat' dir='ltr'><strong>NEPOTIS.</strong></span> 
     </span>
    </p>
   </div>
   <div class='ocr_carea' id='block_1_2' title="bbox 164 313 1153 3446">
    <p class='ocr_par' dir='ltr' id='par_1_2' title="bbox 164 313 1153 3446">
     <span class='ocr_line' id='line_1_2' title="bbox 228 313 1117 400; baseline 0.003 -23"><span class='ocrx_word' id='word_1_3' title='bbox 228 315 396 388; x_wconf 88' lang='lat' dir='ltr'><strong>convenire,</strong></span> <span class='ocrx_word' id='word_1_4' title='bbox 406 323 442 375; x_wconf 93' lang='lat' dir='ltr'><strong>ut</strong></span> <span class='ocrx_word' id='word_1_5' title='bbox 455 314 498 374; x_wconf 90' lang='lat' dir='ltr'><strong>ibi</strong></span> <span class='ocrx_word' id='word_1_6' title='bbox 509 315 546 376; x_wconf 89' lang='lat' dir='ltr'><strong>de</strong></span> <span class='ocrx_word' id='word_1_7' title='bbox 556 315 680 375; x_wconf 89' lang='lat' dir='ltr'><strong>summis</strong></span> <span class='ocrx_word' id='word_1_8' title='bbox 690 313 780 376; x_wconf 91' lang='lat' dir='ltr'><strong>rebus</strong></span> <span class='ocrx_word' id='word_1_9' title='bbox 790 315 917 377; x_wconf 90' lang='lat' dir='ltr'><strong>consilia</strong></span> <span class='ocrx_word' id='word_1_10' title='bbox 928 327 1117 400; x_wconf 87' lang='lat' dir='ltr'><strong>caperentur,</strong></span> 
     </span>
     <span class='ocr_line' id='line_1_3' title="bbox 228 396 1117 477; baseline 0.004 -22"><span class='ocrx_word' id='word_1_11' title='bbox 228 396 350 456; x_wconf 86' lang='lat' dir='ltr'><strong>credens</strong></span> <span class='ocrx_word' id='word_1_12' title='bbox 370 396 486 455; x_wconf 90' lang='lat' dir='ltr'><strong>minore</strong></span> <span class='ocrx_word' id='word_1_13' title='bbox 499 416 530 454; x_wconf 87' lang='lat' dir='ltr'><strong>se</strong></span> <span class='ocrx_word' id='word_1_14' title='bbox 543 396 660 457; x_wconf 88' lang='lat' dir='ltr'><strong>invidia</strong></span> <span class='ocrx_word' id='word_1_15' title='bbox 674 396 746 468; x_wconf 87' lang='lat' dir='ltr'><strong>fore,</strong></span> <span class='ocrx_word' id='word_1_16' title='bbox 761 396 785 455; x_wconf 92' lang='lat' dir='ltr'><strong>si</strong></span> <span class='ocrx_word' id='word_1_17' title='bbox 806 417 820 456; x_wconf 92' lang='lat' dir='ltr'><strong>s</strong></span> <span class='ocrx_word' id='word_1_18' title='bbox 842 397 905 457; x_wconf 88' lang='lat' dir='ltr'><strong>ecie</strong></span> <span class='ocrx_word' id='word_1_19' title='bbox 925 398 1045 477; x_wconf 89' lang='lat' dir='ltr'><strong>imperii</strong></span> <span class='ocrx_word' id='word_1_20' title='bbox 1067 419 1117 460; x_wconf 85' lang='lat' dir='ltr'><strong>no</strong></span> 
     </span>
     <span class='ocr_line' id='line_1_4' title="bbox 228 417 1117 568; baseline 0.006 -34"><span class='ocrx_word' id='word_1_21' title='bbox 228 476 376 568; x_wconf 72' lang='lat' dir='ltr'>minisque</span> <span class='ocrx_word' id='word_1_22' title='bbox 403 475 595 536; x_wconf 81' lang='lat' dir='ltr'><strong>simulatione</strong></span> <span class='ocrx_word' id='word_1_23' title='bbox 618 475 791 535; x_wconf 76' lang='lat' dir='ltr'>Alexandri</span> <span class='ocrx_word' id='word_1_24' title='bbox 818 417 935 536; x_wconf 71' lang='lat' dir='ltr'><strong>bellum</strong></span> <span class='ocrx_word' id='word_1_25' title='bbox 962 479 1117 539; x_wconf 90' lang='lat' dir='ltr'><strong>videretur</strong></span> 
     </span>
     <span class='ocr_line' id='line_1_5' title="bbox 228 554 1116 631; baseline 0.005 -17"><span class='ocrx_word' id='word_1_26' title='bbox 228 556 446 615; x_wconf 81' lang='lat' dir='ltr'><strong>administrare.</strong></span> <span class='ocrx_word' id='word_1_27' title='bbox 489 554 580 631; x_wconf 76' lang='lat' dir='ltr'><strong>Quod</strong></span> <span class='ocrx_word' id='word_1_28' title='bbox 604 563 634 615; x_wconf 85' lang='lat' dir='ltr'><strong>et</strong></span> <span class='ocrx_word' id='word_1_29' title='bbox 658 555 736 615; x_wconf 83' lang='lat' dir='ltr'><strong>fecit.</strong></span> <span class='ocrx_word' id='word_1_30' title='bbox 778 555 860 616; x_wconf 87' lang='lat' dir='ltr'><strong>Nam</strong></span> <span class='ocrx_word' id='word_1_31' title='bbox 888 577 960 617; x_wconf 90' lang='lat' dir='ltr'><strong>cum</strong></span> <span class='ocrx_word' id='word_1_32' title='bbox 986 578 1048 617; x_wconf 91' lang='lat' dir='ltr'><strong>non</strong></span> <span class='ocrx_word' id='word_1_33' title='bbox 1077 559 1116 618; x_wconf 92' lang='lat' dir='ltr'><strong>ad</strong></span> 
     </span>
     <span class='ocr_line' id='line_1_6' title="bbox 193 634 1115 718; baseline 0.004 -23"><span class='ocrx_word' id='word_1_34' title='bbox 193 635 213 695; x_wconf 84' lang='grc' dir='ltr'>δ</span> <span class='ocrx_word' id='word_1_35' title='bbox 227 635 372 696; x_wconf 89' lang='lat' dir='ltr'><strong>Eumenis</strong></span> <span class='ocrx_word' id='word_1_36' title='bbox 392 635 551 714; x_wconf 90' lang='lat' dir='ltr'><strong>principia,</strong></span> <span class='ocrx_word' id='word_1_37' title='bbox 565 634 617 694; x_wconf 90' lang='lat' dir='ltr'><strong>sed</strong></span> <span class='ocrx_word' id='word_1_38' title='bbox 638 635 678 694; x_wconf 89' lang='lat' dir='ltr'><strong>ad</strong></span> <span class='ocrx_word' id='word_1_39' title='bbox 698 635 782 714; x_wconf 91' lang='lat' dir='ltr'><strong>regia</strong></span> <span class='ocrx_word' id='word_1_40' title='bbox 797 637 1010 697; x_wconf 81' lang='lat' dir='ltr'><strong>conveniretur</strong></span> <span class='ocrx_word' id='word_1_41' title='bbox 1023 648 1115 718; x_wconf 89' lang='lat' dir='ltr'><strong>atque</strong></span> 
     </span>
     <span class='ocr_line' id='line_1_7' title="bbox 227 714 1115 794; baseline 0.003 -19"><span class='ocrx_word' id='word_1_42' title='bbox 227 715 270 775; x_wconf 91' lang='lat' dir='ltr'><strong>ibi</strong></span> <span class='ocrx_word' id='word_1_43' title='bbox 284 716 322 775; x_wconf 93' lang='lat' dir='ltr'><strong>de</strong></span> <span class='ocrx_word' id='word_1_44' title='bbox 335 714 424 775; x_wconf 88' lang='lat' dir='ltr'><strong>rebus</strong></span> <span class='ocrx_word' id='word_1_45' title='bbox 434 715 661 787; x_wconf 80' lang='lat' dir='ltr'><strong>deliberaretur,</strong></span> <span class='ocrx_word' id='word_1_46' title='bbox 673 715 895 794; x_wconf 90' lang='lat' dir='ltr'><strong>quodammodo</strong></span> <span class='ocrx_word' id='word_1_47' title='bbox 908 715 1033 791; x_wconf 80' lang='lat' dir='ltr'><strong>latebat,</strong></span> <span class='ocrx_word' id='word_1_48' title='bbox 1045 739 1115 779; x_wconf 87' lang='lat' dir='ltr'><strong>cum</strong></span> 
     </span>
     <span class='ocr_line' id='line_1_8' title="bbox 226 796 898 873; baseline 0 -17"><span class='ocrx_word' id='word_1_49' title='bbox 226 805 328 857; x_wconf 89' lang='lat' dir='ltr'><strong>tamen</strong></span> <span class='ocrx_word' id='word_1_50' title='bbox 363 815 477 856; x_wconf 89' lang='lat' dir='ltr'><strong>ereum</strong></span> <span class='ocrx_word' id='word_1_51' title='bbox 491 815 587 854; x_wconf 90' lang='lat' dir='ltr'><strong>unum</strong></span> <span class='ocrx_word' id='word_1_52' title='bbox 600 805 775 873; x_wconf 84' lang='lat' dir='ltr'><strong>gererentur</strong></span> <span class='ocrx_word' id='word_1_53' title='bbox 788 796 898 857; x_wconf 86' lang='lat' dir='ltr'><strong>omnia</strong></span> 
     </span>
     <span class='ocr_line' id='line_1_9' title="bbox 267 816 1113 955; baseline 0.001 -18"><span class='ocrx_word' id='word_1_54' title='bbox 267 816 362 937; x_wconf 67' lang='lat' dir='ltr'><strong>Vlll</strong></span> <span class='ocrx_word' id='word_1_55' title='bbox 382 874 444 936; x_wconf 88' lang='lat' dir='ltr'><strong>Hic</strong></span> <span class='ocrx_word' id='word_1_56' title='bbox 464 875 497 933; x_wconf 91' lang='lat' dir='ltr'><strong>in</strong></span> <span class='ocrx_word' id='word_1_57' title='bbox 518 874 690 935; x_wconf 78' lang='lat' dir='ltr'><strong>Paraetacis</strong></span> <span class='ocrx_word' id='word_1_58' title='bbox 710 896 779 935; x_wconf 86' lang='lat' dir='ltr'><strong>curn</strong></span> <span class='ocrx_word' id='word_1_59' title='bbox 794 875 951 955; x_wconf 90' lang='lat' dir='ltr'><strong>Antigono</strong></span> <span class='ocrx_word' id='word_1_60' title='bbox 966 877 1113 952; x_wconf 83' lang='lat' dir='ltr'><strong>conflixit,</strong></span> 
     </span>
     <span class='ocr_line' id='line_1_10' title="bbox 225 954 1114 1034; baseline 0.002 -18"><span class='ocrx_word' id='word_1_61' title='bbox 225 958 288 1016; x_wconf 82' lang='lat' dir='ltr'><strong>noir</strong></span> <span class='ocrx_word' id='word_1_62' title='bbox 309 955 373 1016; x_wconf 89' lang='lat' dir='ltr'><strong>acie</strong></span> <span class='ocrx_word' id='word_1_63' title='bbox 395 956 550 1027; x_wconf 88' lang='lat' dir='ltr'><strong>instructa,</strong></span> <span class='ocrx_word' id='word_1_64' title='bbox 564 954 616 1015; x_wconf 89' lang='lat' dir='ltr'><strong>sed</strong></span> <span class='ocrx_word' id='word_1_65' title='bbox 638 955 671 1014; x_wconf 91' lang='lat' dir='ltr'><strong>in</strong></span> <span class='ocrx_word' id='word_1_66' title='bbox 692 955 807 1028; x_wconf 89' lang='lat' dir='ltr'><strong>itinere,</strong></span> <span class='ocrx_word' id='word_1_67' title='bbox 821 976 952 1034; x_wconf 90' lang='lat' dir='ltr'><strong>eumque</strong></span> <span class='ocrx_word' id='word_1_68' title='bbox 972 959 1054 1017; x_wconf 89' lang='lat' dir='ltr'><strong>male</strong></span> <span class='ocrx_word' id='word_1_69' title='bbox 1068 980 1114 1018; x_wconf 90' lang='lat' dir='ltr'><strong>ac-</strong></span> 
     </span>
     <span class='ocr_line' id='line_1_11' title="bbox 173 1035 1112 1117; baseline 0.002 -21"><span class='ocrx_word' id='word_1_70' title='bbox 173 1035 212 1099; x_wconf 91' lang='lat'><strong>10</strong></span> <span class='ocrx_word' id='word_1_71' title='bbox 226 1046 346 1116; x_wconf 89' lang='lat' dir='ltr'><strong>ceptum</strong></span> <span class='ocrx_word' id='word_1_72' title='bbox 360 1036 392 1094; x_wconf 90' lang='lat' dir='ltr'><strong>in</strong></span> <span class='ocrx_word' id='word_1_73' title='bbox 407 1035 542 1099; x_wconf 86' lang='lat' dir='ltr'><strong>Mediam</strong></span> <span class='ocrx_word' id='word_1_74' title='bbox 555 1035 723 1095; x_wconf 89' lang='lat' dir='ltr'><strong>hiematum</strong></span> <span class='ocrx_word' id='word_1_75' title='bbox 737 1036 835 1115; x_wconf 71' lang='lat' dir='ltr'><strong>coegit</strong></span> <span class='ocrx_word' id='word_1_76' title='bbox 848 1037 954 1097; x_wconf 89' lang='lat' dir='ltr'><strong>redire.</strong></span> <span class='ocrx_word' id='word_1_77' title='bbox 997 1038 1068 1117; x_wconf 91' lang='lat' dir='ltr'><strong>Ipse</strong></span> <span class='ocrx_word' id='word_1_78' title='bbox 1081 1039 1112 1098; x_wconf 89' lang='lat' dir='ltr'><strong>in</strong></span> 
     </span>
     <span class='ocr_line' id='line_1_12' title="bbox 225 1115 1113 1195; baseline 0.002 -19"><span class='ocrx_word' id='word_1_79' title='bbox 225 1117 354 1177; x_wconf 87' lang='lat' dir='ltr'><strong>finitima</strong></span> <span class='ocrx_word' id='word_1_80' title='bbox 364 1115 484 1194; x_wconf 81' lang='lat' dir='ltr'><strong>regione</strong></span> <span class='ocrx_word' id='word_1_81' title='bbox 494 1115 625 1175; x_wconf 85' lang='lat' dir='ltr'><strong>Persidis</strong></span> <span class='ocrx_word' id='word_1_82' title='bbox 635 1116 802 1175; x_wconf 90' lang='lat' dir='ltr'><strong>hiematum</strong></span> <span class='ocrx_word' id='word_1_83' title='bbox 816 1117 917 1195; x_wconf 89' lang='lat' dir='ltr'><strong>copias</strong></span> <span class='ocrx_word' id='word_1_84' title='bbox 927 1117 1041 1191; x_wconf 86' lang='lat' dir='ltr'><strong>divisit,</strong></span> <span class='ocrx_word' id='word_1_85' title='bbox 1052 1139 1113 1178; x_wconf 91' lang='lat' dir='ltr'><strong>non</strong></span> 
     </span>
     <span class='ocr_line' id='line_1_13' title="bbox 224 1195 1112 1278; baseline 0.002 -21"><span class='ocrx_word' id='word_1_86' title='bbox 224 1205 260 1257; x_wconf 87' lang='lat' dir='ltr'><strong>ut</strong></span> <span class='ocrx_word' id='word_1_87' title='bbox 269 1196 376 1269; x_wconf 89' lang='lat' dir='ltr'><strong>voluit,</strong></span> <span class='ocrx_word' id='word_1_88' title='bbox 386 1195 438 1256; x_wconf 91' lang='lat' dir='ltr'><strong>sed</strong></span> <span class='ocrx_word' id='word_1_89' title='bbox 453 1203 487 1256; x_wconf 90' lang='lat' dir='ltr'><strong>ut</strong></span> <span class='ocrx_word' id='word_1_90' title='bbox 500 1195 631 1254; x_wconf 88' lang='lat' dir='ltr'><strong>militum</strong></span> <span class='ocrx_word' id='word_1_91' title='bbox 643 1196 769 1274; x_wconf 89' lang='lat' dir='ltr'><strong>cogebat</strong></span> <span class='ocrx_word' id='word_1_92' title='bbox 778 1196 928 1257; x_wconf 89' lang='lat' dir='ltr'><strong>voluntas.</strong></span> <span class='ocrx_word' id='word_1_93' title='bbox 970 1197 1112 1278; x_wconf 89' lang='lat' dir='ltr'><strong>Namque</strong></span> 
     </span>
     <span class='ocr_line' id='line_1_14' title="bbox 223 1275 1112 1357; baseline 0.002 -20"><span class='ocrx_word' id='word_1_94' title='bbox 223 1278 280 1337; x_wconf 87' lang='lat' dir='ltr'><strong>illa</strong></span> <span class='ocrx_word' id='word_1_95' title='bbox 314 1277 430 1336; x_wconf 84' lang='lat' dir='ltr'><strong>balanx</strong></span> <span class='ocrx_word' id='word_1_96' title='bbox 443 1275 614 1335; x_wconf 87' lang='lat' dir='ltr'><strong>Alexandri</strong></span> <span class='ocrx_word' id='word_1_97' title='bbox 628 1275 745 1353; x_wconf 82' lang='lat' dir='ltr'><strong>Magni,</strong></span> <span class='ocrx_word' id='word_1_98' title='bbox 759 1296 837 1354; x_wconf 89' lang='lat' dir='ltr'><strong>quae</strong></span> <span class='ocrx_word' id='word_1_99' title='bbox 850 1276 958 1337; x_wconf 83' lang='lat' dir='ltr'><strong>Asiam</strong></span> <span class='ocrx_word' id='word_1_100' title='bbox 972 1298 1112 1357; x_wconf 87' lang='lat' dir='ltr'><strong>peragra-</strong></span> 
     </span>
     <span class='ocr_line' id='line_1_15' title="bbox 223 1297 1111 1436; baseline 0.002 -19"><span class='ocrx_word' id='word_1_101' title='bbox 223 1366 273 1417; x_wconf 89' lang='lat' dir='ltr'><strong>rat</strong></span> <span class='ocrx_word' id='word_1_102' title='bbox 289 1297 499 1435; x_wconf 78' lang='lat' dir='ltr'><strong>deviceratque</strong></span> <span class='ocrx_word' id='word_1_103' title='bbox 519 1355 633 1428; x_wconf 84' lang='lat' dir='ltr'><strong>Persas,</strong></span> <span class='ocrx_word' id='word_1_104' title='bbox 647 1355 815 1416; x_wconf 88' lang='lat' dir='ltr'><strong>inveterata</strong></span> <span class='ocrx_word' id='word_1_105' title='bbox 836 1376 905 1415; x_wconf 92' lang='lat' dir='ltr'><strong>cum</strong></span> <span class='ocrx_word' id='word_1_106' title='bbox 926 1356 1025 1436; x_wconf 89' lang='lat' dir='ltr'><strong>gloria</strong></span> <span class='ocrx_word' id='word_1_107' title='bbox 1045 1368 1111 1419; x_wconf 91' lang='lat' dir='ltr'><strong>tum</strong></span> 
     </span>
     <span class='ocr_line' id='line_1_16' title="bbox 170 1434 1112 1517; baseline 0.002 -20"><span class='ocrx_word' id='word_1_108' title='bbox 170 1434 210 1497; x_wconf 83' lang='lat'><strong>15</strong></span> <span class='ocrx_word' id='word_1_109' title='bbox 223 1436 315 1498; x_wconf 90' lang='lat' dir='ltr'><strong>etiam</strong></span> <span class='ocrx_word' id='word_1_110' title='bbox 337 1436 466 1508; x_wconf 88' lang='lat' dir='ltr'><strong>licentia,</strong></span> <span class='ocrx_word' id='word_1_111' title='bbox 481 1456 541 1496; x_wconf 91' lang='lat' dir='ltr'><strong>non</strong></span> <span class='ocrx_word' id='word_1_112' title='bbox 562 1456 666 1514; x_wconf 90' lang='lat' dir='ltr'><strong>parere</strong></span> <span class='ocrx_word' id='word_1_113' title='bbox 686 1455 718 1496; x_wconf 92' lang='lat' dir='ltr'><strong>se</strong></span> <span class='ocrx_word' id='word_1_114' title='bbox 738 1435 874 1509; x_wconf 90' lang='lat' dir='ltr'><strong>ducibus,</strong></span> <span class='ocrx_word' id='word_1_115' title='bbox 888 1437 941 1497; x_wconf 88' lang='lat' dir='ltr'><strong>sed</strong></span> <span class='ocrx_word' id='word_1_116' title='bbox 960 1436 1112 1517; x_wconf 90' lang='lat' dir='ltr'><strong>imperare</strong></span> 
     </span>
     <span class='ocr_line' id='line_1_17' title="bbox 223 1516 1153 1599; baseline 0.003 -22"><span class='ocrx_word' id='word_1_117' title='bbox 223 1516 414 1596; x_wconf 87' lang='lat' dir='ltr'><strong>postulabat;</strong></span> <span class='ocrx_word' id='word_1_118' title='bbox 435 1525 469 1575; x_wconf 92' lang='lat' dir='ltr'><strong>ut</strong></span> <span class='ocrx_word' id='word_1_119' title='bbox 483 1536 563 1575; x_wconf 87' lang='lat' dir='ltr'><strong>nunc</strong></span> <span class='ocrx_word' id='word_1_120' title='bbox 578 1516 712 1576; x_wconf 89' lang='lat' dir='ltr'><strong>veterani</strong></span> <span class='ocrx_word' id='word_1_121' title='bbox 726 1516 844 1576; x_wconf 83' lang='lat' dir='ltr'><strong>faciunt</strong></span> <span class='ocrx_word' id='word_1_122' title='bbox 855 1517 959 1577; x_wconf 88' lang='lat' dir='ltr'><strong>nostri.</strong></span> <span class='ocrx_word' id='word_1_123' title='bbox 1001 1518 1111 1599; x_wconf 89' lang='lat' dir='ltr'><strong>Itaque</strong></span> <span class='ocrx_word' id='word_1_124' title='bbox 1152 1526 1153 1593; x_wconf 66' lang='lat' dir='ltr'><strong>i</strong></span> 
     </span>
     <span class='ocr_line' id='line_1_18' title="bbox 222 1595 1153 1677; baseline 0.002 -20"><span class='ocrx_word' id='word_1_125' title='bbox 222 1597 390 1677; x_wconf 90' lang='lat' dir='ltr'><strong>periculum</strong></span> <span class='ocrx_word' id='word_1_126' title='bbox 412 1604 465 1669; x_wconf 87' lang='lat' dir='ltr'><strong>est,</strong></span> <span class='ocrx_word' id='word_1_127' title='bbox 478 1616 516 1656; x_wconf 92' lang='lat' dir='ltr'><strong>ne</strong></span> <span class='ocrx_word' id='word_1_128' title='bbox 530 1595 652 1668; x_wconf 88' lang='lat' dir='ltr'><strong>faciant,</strong></span> <span class='ocrx_word' id='word_1_129' title='bbox 667 1596 747 1674; x_wconf 92' lang='lat' dir='ltr'><strong>quod</strong></span> <span class='ocrx_word' id='word_1_130' title='bbox 768 1595 815 1655; x_wconf 95' lang='lat' dir='ltr'><strong>illi</strong></span> <span class='ocrx_word' id='word_1_131' title='bbox 835 1595 974 1658; x_wconf 85' lang='lat' dir='ltr'><strong>fecerunt</strong></span> <span class='ocrx_word' id='word_1_132' title='bbox 990 1617 1048 1659; x_wconf 89' lang='lat' dir='ltr'><strong>sua</strong></span> <span class='ocrx_word' id='word_1_133' title='bbox 1068 1600 1111 1658; x_wconf 90' lang='lat' dir='ltr'><strong>in·</strong></span> <span class='ocrx_word' id='word_1_134' title='bbox 1152 1620 1153 1649; x_wconf 63' lang='lat' dir='ltr'><strong>i</strong></span> 
     </span>
     <span class='ocr_line' id='line_1_19' title="bbox 222 1675 1110 1757; baseline 0.002 -20"><span class='ocrx_word' id='word_1_135' title='bbox 222 1677 422 1756; x_wconf 87' lang='lat' dir='ltr'><strong>temperantia</strong></span> <span class='ocrx_word' id='word_1_136' title='bbox 449 1677 603 1754; x_wconf 90' lang='lat' dir='ltr'><strong>nimiaque</strong></span> <span class='ocrx_word' id='word_1_137' title='bbox 626 1675 758 1749; x_wconf 88' lang='lat' dir='ltr'><strong>licentia,</strong></span> <span class='ocrx_word' id='word_1_138' title='bbox 781 1684 817 1736; x_wconf 86' lang='lat' dir='ltr'><strong>ut</strong></span> <span class='ocrx_word' id='word_1_139' title='bbox 844 1678 947 1738; x_wconf 89' lang='lat' dir='ltr'><strong>omnia</strong></span> <span class='ocrx_word' id='word_1_140' title='bbox 970 1680 1110 1757; x_wconf 88' lang='lat' dir='ltr'><strong>perdant,</strong></span> 
     </span>
     <span class='ocr_line' id='line_1_20' title="bbox 222 1756 1153 1839; baseline 0.001 -22"><span class='ocrx_word' id='word_1_141' title='bbox 222 1778 319 1839; x_wconf 90' lang='lat' dir='ltr'><strong>neque</strong></span> <span class='ocrx_word' id='word_1_142' title='bbox 333 1758 432 1816; x_wconf 90' lang='lat' dir='ltr'><strong>minus</strong></span> <span class='ocrx_word' id='word_1_143' title='bbox 446 1777 503 1828; x_wconf 91' lang='lat' dir='ltr'><strong>eos,</strong></span> <span class='ocrx_word' id='word_1_144' title='bbox 518 1777 587 1816; x_wconf 91' lang='lat' dir='ltr'><strong>cum</strong></span> <span class='ocrx_word' id='word_1_145' title='bbox 601 1756 710 1834; x_wconf 87' lang='lat' dir='ltr'><strong>quibus</strong></span> <span class='ocrx_word' id='word_1_146' title='bbox 730 1756 876 1830; x_wconf 88' lang='lat' dir='ltr'><strong>steterint,</strong></span> <span class='ocrx_word' id='word_1_147' title='bbox 891 1778 984 1836; x_wconf 90' lang='lat' dir='ltr'><strong>quam</strong></span> <span class='ocrx_word' id='word_1_148' title='bbox 1004 1760 1110 1821; x_wconf 91' lang='lat' dir='ltr'><strong>adver·</strong></span> <span class='ocrx_word' id='word_1_149' title='bbox 1152 1776 1153 1809; x_wconf 64' lang='lat' dir='ltr'><strong>l</strong></span> 
     </span>
     <span class='ocr_line' id='line_1_21' title="bbox 169 1835 1108 1917; baseline -0.002 -17"><span class='ocrx_word' id='word_1_150' title='bbox 169 1836 209 1900; x_wconf 82' lang='lat'><strong>20</strong></span> <span class='ocrx_word' id='word_1_151' title='bbox 222 1859 272 1898; x_wconf 91' lang='lat' dir='ltr'><strong>sus</strong></span> <span class='ocrx_word' id='word_1_152' title='bbox 282 1858 356 1917; x_wconf 89' lang='lat' dir='ltr'><strong>quos</strong></span> <span class='ocrx_word' id='word_1_153' title='bbox 365 1837 497 1897; x_wconf 80' lang='lat' dir='ltr'><strong>fecerint.</strong></span> <span class='ocrx_word' id='word_1_154' title='bbox 541 1836 671 1912; x_wconf 74' lang='lat' dir='ltr'><strong>Quodsi</strong></span> <span class='ocrx_word' id='word_1_155' title='bbox 686 1836 752 1914; x_wconf 84' lang='lat' dir='ltr'><strong>quis</strong></span> <span class='ocrx_word' id='word_1_156' title='bbox 763 1835 885 1896; x_wconf 91' lang='lat' dir='ltr'><strong>illorum</strong></span> <span class='ocrx_word' id='word_1_157' title='bbox 895 1847 1108 1899; x_wconf 88' lang='lat' dir='ltr'><strong>veteranorum</strong></span> 
     </span>
     <span class='ocr_line' id='line_1_22' title="bbox 222 1917 1108 1997; baseline 0 -18"><span class='ocrx_word' id='word_1_158' title='bbox 222 1918 304 1997; x_wconf 89' lang='lat' dir='ltr'><strong>legat</strong></span> <span class='ocrx_word' id='word_1_159' title='bbox 317 1917 407 1990; x_wconf 86' lang='lat' dir='ltr'><strong>facta,</strong></span> <span class='ocrx_word' id='word_1_160' title='bbox 420 1917 507 1996; x_wconf 88' lang='lat' dir='ltr'><strong>paria</strong></span> <span class='ocrx_word' id='word_1_161' title='bbox 526 1917 636 1977; x_wconf 90' lang='lat' dir='ltr'><strong>horum</strong></span> <span class='ocrx_word' id='word_1_162' title='bbox 649 1924 809 1995; x_wconf 85' lang='lat' dir='ltr'><strong>cognoseat</strong></span> <span class='ocrx_word' id='word_1_163' title='bbox 822 1936 919 1996; x_wconf 90' lang='lat' dir='ltr'><strong>neque</strong></span> <span class='ocrx_word' id='word_1_164' title='bbox 933 1938 998 1978; x_wconf 89' lang='lat' dir='ltr'><strong>rem</strong></span> <span class='ocrx_word' id='word_1_165' title='bbox 1013 1919 1108 1979; x_wconf 89' lang='lat' dir='ltr'><strong>ullam</strong></span> 
     </span>
     <span class='ocr_line' id='line_1_23' title="bbox 222 1995 1107 2076; baseline 0.002 -18"><span class='ocrx_word' id='word_1_166' title='bbox 222 1999 280 2058; x_wconf 92' lang='lat' dir='ltr'><strong>nisi</strong></span> <span class='ocrx_word' id='word_1_167' title='bbox 293 2007 411 2076; x_wconf 89' lang='lat' dir='ltr'><strong>tempus</strong></span> <span class='ocrx_word' id='word_1_168' title='bbox 424 1997 564 2058; x_wconf 76' lang='lat' dir='ltr'><strong>interesse</strong></span> <span class='ocrx_word' id='word_1_169' title='bbox 573 1996 698 2075; x_wconf 89' lang='lat' dir='ltr'><strong>judicet.</strong></span> <span class='ocrx_word' id='word_1_170' title='bbox 737 1995 798 2055; x_wconf 81' lang='lat' dir='ltr'><strong>Sed</strong></span> <span class='ocrx_word' id='word_1_171' title='bbox 820 1997 860 2056; x_wconf 91' lang='lat' dir='ltr'><strong>ad</strong></span> <span class='ocrx_word' id='word_1_172' title='bbox 881 1997 949 2057; x_wconf 89' lang='lat' dir='ltr'><strong>illos</strong></span> <span class='ocrx_word' id='word_1_173' title='bbox 963 2010 1107 2060; x_wconf 86' lang='lat' dir='ltr'><strong>revertar.</strong></span> 
     </span>
     <span class='ocr_line' id='line_1_24' title="bbox 221 2075 1107 2155; baseline 0.001 -17"><span class='ocrx_word' id='word_1_174' title='bbox 221 2078 362 2153; x_wconf 88' lang='lat' dir='ltr'><strong>Hiberna</strong></span> <span class='ocrx_word' id='word_1_175' title='bbox 375 2087 564 2155; x_wconf 88' lang='lat' dir='ltr'><strong>sumpserant</strong></span> <span class='ocrx_word' id='word_1_176' title='bbox 576 2096 637 2135; x_wconf 92' lang='lat' dir='ltr'><strong>non</strong></span> <span class='ocrx_word' id='word_1_177' title='bbox 652 2075 691 2135; x_wconf 88' lang='lat' dir='ltr'><strong>ad</strong></span> <span class='ocrx_word' id='word_1_178' title='bbox 704 2096 793 2135; x_wconf 89' lang='lat' dir='ltr'><strong>usum</strong></span> <span class='ocrx_word' id='word_1_179' title='bbox 814 2075 897 2150; x_wconf 89' lang='lat' dir='ltr'><strong>belli,</strong></span> <span class='ocrx_word' id='word_1_180' title='bbox 910 2076 964 2137; x_wconf 90' lang='lat' dir='ltr'><strong>sed</strong></span> <span class='ocrx_word' id='word_1_181' title='bbox 977 2079 1019 2138; x_wconf 85' lang='lat' dir='ltr'><strong>ad</strong></span> <span class='ocrx_word' id='word_1_182' title='bbox 1033 2080 1043 2137; x_wconf 95' lang='lat' dir='ltr'><strong>i</strong></span> <span class='ocrx_word' id='word_1_183' title='bbox 1066 2101 1107 2139; x_wconf 77' lang='lat' dir='ltr'><strong>so</strong></span> 
     </span>
     <span class='ocr_line' id='line_1_25' title="bbox 221 2155 1107 2236; baseline 0.002 -18"><span class='ocrx_word' id='word_1_184' title='bbox 221 2180 289 2218; x_wconf 90' lang='lat' dir='ltr'><strong>rum</strong></span> <span class='ocrx_word' id='word_1_185' title='bbox 304 2156 467 2230; x_wconf 88' lang='lat' dir='ltr'><strong>luxuriam,</strong></span> <span class='ocrx_word' id='word_1_186' title='bbox 480 2156 627 2236; x_wconf 87' lang='lat' dir='ltr'><strong>longeque</strong></span> <span class='ocrx_word' id='word_1_187' title='bbox 642 2155 721 2216; x_wconf 87' lang='lat' dir='ltr'><strong>inter</strong></span> <span class='ocrx_word' id='word_1_188' title='bbox 739 2176 772 2216; x_wconf 89' lang='lat' dir='ltr'><strong>se</strong></span> <span class='ocrx_word' id='word_1_189' title='bbox 791 2155 996 2219; x_wconf 83' lang='lat' dir='ltr'><strong>discesserant</strong></span> <span class='ocrx_word' id='word_1_190' title='bbox 1074 2179 1107 2220; x_wconf 93' lang='lat' dir='ltr'><strong>oc</strong></span> 
     </span>
     <span class='ocr_line' id='line_1_26' title="bbox 167 2232 1152 2317; baseline 0 -18"><span class='ocrx_word' id='word_1_191' title='bbox 167 2238 207 2299; x_wconf 82' lang='lat'><strong>25</strong></span> <span class='ocrx_word' id='word_1_192' title='bbox 220 2237 394 2317; x_wconf 89' lang='lat' dir='ltr'><strong>Antigonus</strong></span> <span class='ocrx_word' id='word_1_193' title='bbox 407 2257 476 2296; x_wconf 87' lang='lat' dir='ltr'><strong>curn</strong></span> <span class='ocrx_word' id='word_1_194' title='bbox 493 2236 684 2315; x_wconf 86' lang='lat' dir='ltr'><strong>comperisset</strong></span> <span class='ocrx_word' id='word_1_195' title='bbox 702 2235 945 2316; x_wconf 89' lang='lat' dir='ltr'><strong>intelligeretque</strong></span> <span class='ocrx_word' id='word_1_196' title='bbox 957 2259 989 2298; x_wconf 92' lang='lat' dir='ltr'><strong>se</strong></span> <span class='ocrx_word' id='word_1_197' title='bbox 1002 2258 1107 2317; x_wconf 91' lang='lat' dir='ltr'><strong>parem</strong></span> <span class='ocrx_word' id='word_1_198' title='bbox 1151 2232 1152 2279; x_wconf 63' lang='lat' dir='ltr'><strong>i</strong></span> 
     </span>
     <span class='ocr_line' id='line_1_27' title="bbox 219 2316 1152 2397; baseline 0.005 -19"><span class='ocrx_word' id='word_1_199' title='bbox 219 2339 282 2379; x_wconf 94' lang='lat' dir='ltr'><strong>non</strong></span> <span class='ocrx_word' id='word_1_200' title='bbox 295 2337 356 2381; x_wconf 85' lang='lat' dir='ltr'><strong>esse</strong></span> <span class='ocrx_word' id='word_1_201' title='bbox 369 2316 483 2397; x_wconf 88' lang='lat' dir='ltr'><strong>paratis</strong></span> <span class='ocrx_word' id='word_1_202' title='bbox 495 2316 684 2389; x_wconf 87' lang='lat' dir='ltr'><strong>adversariis,</strong></span> <span class='ocrx_word' id='word_1_203' title='bbox 697 2316 804 2376; x_wconf 88' lang='lat' dir='ltr'><strong>statuit</strong></span> <span class='ocrx_word' id='word_1_204' title='bbox 823 2317 941 2397; x_wconf 92' lang='lat' dir='ltr'><strong>aliquid</strong></span> <span class='ocrx_word' id='word_1_205' title='bbox 961 2317 1020 2378; x_wconf 89' lang='lat' dir='ltr'><strong>sibi</strong></span> <span class='ocrx_word' id='word_1_206' title='bbox 1040 2340 1108 2380; x_wconf 89' lang='lat' dir='ltr'><strong>eon·</strong></span> <span class='ocrx_word' id='word_1_207' title='bbox 1151 2324 1152 2383; x_wconf 78' lang='lat' dir='ltr'><strong>l</strong></span> 
     </span>
     <span class='ocr_line' id='line_1_28' title="bbox 219 2396 1108 2475; baseline -0.001 -14"><span class='ocrx_word' id='word_1_208' title='bbox 219 2398 282 2461; x_wconf 88' lang='lat' dir='ltr'><strong>silii</strong></span> <span class='ocrx_word' id='word_1_209' title='bbox 300 2397 370 2458; x_wconf 91' lang='lat' dir='ltr'><strong>novi</strong></span> <span class='ocrx_word' id='word_1_210' title='bbox 390 2416 450 2457; x_wconf 88' lang='lat' dir='ltr'><strong>esse</strong></span> <span class='ocrx_word' id='word_1_211' title='bbox 464 2396 652 2475; x_wconf 90' lang='lat' dir='ltr'><strong>capiendum.</strong></span> <span class='ocrx_word' id='word_1_212' title='bbox 694 2396 783 2456; x_wconf 88' lang='lat' dir='ltr'><strong>Duae</strong></span> <span class='ocrx_word' id='word_1_213' title='bbox 796 2398 973 2472; x_wconf 87' lang='lat' dir='ltr'><strong>erantviae,</strong></span> <span class='ocrx_word' id='word_1_214' title='bbox 1009 2421 1050 2460; x_wconf 90' lang='lat' dir='ltr'><strong>ua</strong></span> <span class='ocrx_word' id='word_1_215' title='bbox 1070 2421 1108 2460; x_wconf 84' lang='lat' dir='ltr'><strong>ex</strong></span> 
     </span>
     <span class='ocr_line' id='line_1_29' title="bbox 218 2474 1152 2552; baseline 0.004 -13"><span class='ocrx_word' id='word_1_216' title='bbox 218 2478 327 2552; x_wconf 87' lang='lat' dir='ltr'><strong>Medis,</strong></span> <span class='ocrx_word' id='word_1_217' title='bbox 341 2477 394 2538; x_wconf 92' lang='lat' dir='ltr'><strong>ubi</strong></span> <span class='ocrx_word' id='word_1_218' title='bbox 408 2476 461 2538; x_wconf 89' lang='lat' dir='ltr'><strong>ille</strong></span> <span class='ocrx_word' id='word_1_219' title='bbox 474 2476 635 2548; x_wconf 88' lang='lat' dir='ltr'><strong>hiemabat,</strong></span> <span class='ocrx_word' id='word_1_220' title='bbox 650 2474 690 2536; x_wconf 89' lang='lat' dir='ltr'><strong>ad</strong></span> <span class='ocrx_word' id='word_1_221' title='bbox 709 2476 952 2538; x_wconf 85' lang='lat' dir='ltr'><strong>adversariorum</strong></span> <span class='ocrx_word' id='word_1_222' title='bbox 968 2479 1001 2541; x_wconf 91' lang='lat' dir='ltr'><strong>bi</strong></span> <span class='ocrx_word' id='word_1_223' title='bbox 1024 2501 1108 2541; x_wconf 89' lang='lat' dir='ltr'><strong>erna-</strong></span> <span class='ocrx_word' id='word_1_224' title='bbox 1151 2530 1152 2543; x_wconf 64' lang='grc'>,</span> 
     </span>
     <span class='ocr_line' id='line_1_30' title="bbox 220 2555 1107 2653; baseline 0.001 -33"><span class='ocrx_word' id='word_1_225' title='bbox 220 2559 290 2620; x_wconf 90' lang='lat' dir='ltr'><strong>cula</strong></span> <span class='ocrx_word' id='word_1_226' title='bbox 316 2565 414 2638; x_wconf 89' lang='lat' dir='ltr'><strong>posset</strong></span> <span class='ocrx_word' id='word_1_227' title='bbox 440 2556 599 2638; x_wconf 83' lang='lat' dir='ltr'><strong>perveniri.</strong></span> <span class='ocrx_word' id='word_1_228' title='bbox 642 2555 782 2632; x_wconf 69' lang='lat' dir='ltr'><strong>Quarum</strong></span> <span class='ocrx_word' id='word_1_229' title='bbox 810 2556 931 2619; x_wconf 86' lang='lat' dir='ltr'><strong>brevior</strong></span> <span class='ocrx_word' id='word_1_230' title='bbox 957 2579 1013 2653; x_wconf 90' lang='lat' dir='ltr'><strong>per</strong></span> <span class='ocrx_word' id='word_1_231' title='bbox 1040 2560 1107 2635; x_wconf 84' lang='lat' dir='ltr'><strong>loca</strong></span> 
     </span>
     <span class='ocr_line' id='line_1_31' title="bbox 166 2635 1106 2721; baseline -0.001 -18"><span class='ocrx_word' id='word_1_232' title='bbox 166 2640 206 2703; x_wconf 88' lang='grc'><strong>30</strong></span> <span class='ocrx_word' id='word_1_233' title='bbox 220 2641 345 2712; x_wconf 89' lang='lat' dir='ltr'><strong>deserta,</strong></span> <span class='ocrx_word' id='word_1_234' title='bbox 358 2658 435 2718; x_wconf 87' lang='lat' dir='ltr'><strong>quas</strong></span> <span class='ocrx_word' id='word_1_235' title='bbox 447 2657 536 2698; x_wconf 89' lang='lat' dir='ltr'><strong>nemo</strong></span> <span class='ocrx_word' id='word_1_236' title='bbox 549 2635 701 2698; x_wconf 87' lang='lat' dir='ltr'><strong>incolebat</strong></span> <span class='ocrx_word' id='word_1_237' title='bbox 713 2645 837 2716; x_wconf 85' lang='lat' dir='ltr'><strong>propter</strong></span> <span class='ocrx_word' id='word_1_238' title='bbox 850 2658 948 2718; x_wconf 91' lang='lat' dir='ltr'><strong>aquae</strong></span> <span class='ocrx_word' id='word_1_239' title='bbox 962 2641 1106 2721; x_wconf 87' lang='lat' dir='ltr'><strong>mopiam,</strong></span> 
     </span>
     <span class='ocr_line' id='line_1_32' title="bbox 219 2715 1107 2794; baseline 0.002 -14"><span class='ocrx_word' id='word_1_240' title='bbox 219 2728 352 2781; x_wconf 87' lang='lat' dir='ltr'><strong>ceterum</strong></span> <span class='ocrx_word' id='word_1_241' title='bbox 375 2718 493 2779; x_wconf 88' lang='lat' dir='ltr'><strong>dierum</strong></span> <span class='ocrx_word' id='word_1_242' title='bbox 516 2725 581 2778; x_wconf 87' lang='lat' dir='ltr'><strong>erat</strong></span> <span class='ocrx_word' id='word_1_243' title='bbox 602 2716 664 2777; x_wconf 88' lang='lat' dir='ltr'><strong>fere</strong></span> <span class='ocrx_word' id='word_1_244' title='bbox 686 2715 806 2791; x_wconf 83' lang='lat' dir='ltr'><strong>decem3</strong></span> <span class='ocrx_word' id='word_1_245' title='bbox 833 2717 889 2780; x_wconf 92' lang='lat' dir='ltr'><strong>illa</strong></span> <span class='ocrx_word' id='word_1_246' title='bbox 912 2728 1025 2794; x_wconf 87' lang='lat' dir='ltr'><strong>autem,</strong></span> <span class='ocrx_word' id='word_1_247' title='bbox 1068 2743 1107 2782; x_wconf 90' lang='lat' dir='ltr'><strong>ua</strong></span> 
     </span>
     <span class='ocr_line' id='line_1_33' title="bbox 219 2743 1106 2877; baseline 0 -15"><span class='ocrx_word' id='word_1_248' title='bbox 219 2819 321 2862; x_wconf 89' lang='lat' dir='ltr'><strong>omnes</strong></span> <span class='ocrx_word' id='word_1_249' title='bbox 335 2797 552 2871; x_wconf 89' lang='lat' dir='ltr'><strong>commeabant,</strong></span> <span class='ocrx_word' id='word_1_250' title='bbox 566 2797 662 2858; x_wconf 90' lang='lat' dir='ltr'><strong>altero</strong></span> <span class='ocrx_word' id='word_1_251' title='bbox 681 2804 769 2859; x_wconf 88' lang='lat' dir='ltr'><strong>tanto</strong></span> <span class='ocrx_word' id='word_1_252' title='bbox 787 2796 954 2877; x_wconf 89' lang='lat' dir='ltr'><strong>longiorem</strong></span> <span class='ocrx_word' id='word_1_253' title='bbox 973 2743 1106 2862; x_wconf 75' lang='lat' dir='ltr'><strong>habdbat</strong></span> 
     </span>
     <span class='ocr_line' id='line_1_34' title="bbox 219 2876 1106 2958; baseline -0.001 -15"><span class='ocrx_word' id='word_1_254' title='bbox 219 2879 400 2951; x_wconf 81' lang='lat' dir='ltr'><strong>anfractum,</strong></span> <span class='ocrx_word' id='word_1_255' title='bbox 410 2877 462 2939; x_wconf 91' lang='lat' dir='ltr'><strong>sed</strong></span> <span class='ocrx_word' id='word_1_256' title='bbox 476 2886 544 2940; x_wconf 87' lang='lat' dir='ltr'><strong>erat</strong></span> <span class='ocrx_word' id='word_1_257' title='bbox 555 2877 675 2958; x_wconf 87' lang='lat' dir='ltr'><strong>copiosa</strong></span> <span class='ocrx_word' id='word_1_258' title='bbox 686 2876 882 2958; x_wconf 90' lang='lat' dir='ltr'><strong>omniumque</strong></span> <span class='ocrx_word' id='word_1_259' title='bbox 895 2900 997 2940; x_wconf 86' lang='lat' dir='ltr'><strong>rerum</strong></span> <span class='ocrx_word' id='word_1_260' title='bbox 1012 2882 1106 2942; x_wconf 93' lang='lat' dir='ltr'><strong>abun·</strong></span> 
     </span>
     <span class='ocr_line' id='line_1_35' title="bbox 218 2957 1151 3039; baseline 0.001 -18"><span class='ocrx_word' id='word_1_261' title='bbox 218 2961 303 3022; x_wconf 86' lang='lat' dir='ltr'><strong>dans.</strong></span> <span class='ocrx_word' id='word_1_262' title='bbox 343 2958 415 3021; x_wconf 89' lang='lat' dir='ltr'><strong>Hac</strong></span> <span class='ocrx_word' id='word_1_263' title='bbox 434 2957 460 3018; x_wconf 90' lang='lat' dir='ltr'><strong>si</strong></span> <span class='ocrx_word' id='word_1_264' title='bbox 480 2957 726 3038; x_wconf 87' lang='lat' dir='ltr'><strong>proficisceretur,</strong></span> <span class='ocrx_word' id='word_1_265' title='bbox 739 2957 930 3037; x_wconf 89' lang='lat' dir='ltr'><strong>intelligebat</strong></span> <span class='ocrx_word' id='word_1_266' title='bbox 949 2961 1036 3039; x_wconf 91' lang='lat' dir='ltr'><strong>prius</strong></span> <span class='ocrx_word' id='word_1_267' title='bbox 1056 2963 1105 3022; x_wconf 92' lang='lat' dir='ltr'><strong>ad·</strong></span> <span class='ocrx_word' id='word_1_268' title='bbox 1150 2984 1151 3039; x_wconf 50' lang='grc' dir='ltr'>ξ</span> 
     </span>
     <span class='ocr_line' id='line_1_36' title="bbox 164 3037 1151 3120; baseline 0 -17"><span class='ocrx_word' id='word_1_269' title='bbox 164 3043 204 3104; x_wconf 81' lang='grc'><strong>35</strong></span> <span class='ocrx_word' id='word_1_270' title='bbox 217 3040 364 3105; x_wconf 88' lang='lat' dir='ltr'><strong>versarios</strong></span> <span class='ocrx_word' id='word_1_271' title='bbox 374 3038 532 3101; x_wconf 87' lang='lat' dir='ltr'><strong>rescituros</strong></span> <span class='ocrx_word' id='word_1_272' title='bbox 542 3037 579 3099; x_wconf 90' lang='lat' dir='ltr'><strong>de</strong></span> <span class='ocrx_word' id='word_1_273' title='bbox 589 3057 642 3099; x_wconf 88' lang='lat' dir='ltr'><strong>suo</strong></span> <span class='ocrx_word' id='word_1_274' title='bbox 653 3037 796 3111; x_wconf 85' lang='lat' dir='ltr'><strong>adventu,</strong></span> <span class='ocrx_word' id='word_1_275' title='bbox 807 3060 899 3118; x_wconf 87' lang='lat' dir='ltr'><strong>quam</strong></span> <span class='ocrx_word' id='word_1_276' title='bbox 909 3040 974 3120; x_wconf 89' lang='lat' dir='ltr'><strong>ipse</strong></span> <span class='ocrx_word' id='word_1_277' title='bbox 983 3043 1104 3103; x_wconf 88' lang='lat' dir='ltr'><strong>tertiam</strong></span> <span class='ocrx_word' id='word_1_278' title='bbox 1150 3042 1151 3113; x_wconf 63' lang='lat' dir='ltr'><strong>l</strong></span> 
     </span>
     <span class='ocr_line' id='line_1_37' title="bbox 192 3116 1151 3202; baseline 0 -19"><span class='ocrx_word' id='word_1_279' title='bbox 192 3148 197 3157; x_wconf 57' lang='lat'><strong>²</strong></span> <span class='ocrx_word' id='word_1_280' title='bbox 218 3130 336 3202; x_wconf 87' lang='lat' dir='ltr'><strong>partem</strong></span> <span class='ocrx_word' id='word_1_281' title='bbox 360 3116 533 3180; x_wconf 83' lang='lat' dir='ltr'><strong>confecisset</strong></span> <span class='ocrx_word' id='word_1_282' title='bbox 557 3117 688 3190; x_wconf 83' lang='lat' dir='ltr'><strong>itineris3</strong></span> <span class='ocrx_word' id='word_1_283' title='bbox 712 3117 760 3178; x_wconf 88' lang='lat' dir='ltr'><strong>sin</strong></span> <span class='ocrx_word' id='word_1_284' title='bbox 779 3138 834 3197; x_wconf 91' lang='lat' dir='ltr'><strong>per</strong></span> <span class='ocrx_word' id='word_1_285' title='bbox 857 3118 924 3181; x_wconf 86' lang='lat' dir='ltr'><strong>loce</strong></span> <span class='ocrx_word' id='word_1_286' title='bbox 947 3121 1013 3183; x_wconf 91' lang='lat' dir='ltr'><strong>sola</strong></span> <span class='ocrx_word' id='word_1_287' title='bbox 1038 3144 1105 3183; x_wconf 87' lang='lat' dir='ltr'><strong>con·</strong></span> <span class='ocrx_word' id='word_1_288' title='bbox 1150 3118 1151 3135; x_wconf 61' lang='lat'><em>²</em></span> 
     </span>
     <span class='ocr_line' id='line_1_38' title="bbox 217 3196 1103 3282; baseline 0.002 -21"><span class='ocrx_word' id='word_1_289' title='bbox 217 3199 362 3271; x_wconf 85' lang='lat' dir='ltr'><strong>tenderet,</strong></span> <span class='ocrx_word' id='word_1_290' title='bbox 375 3196 516 3277; x_wconf 86' lang='lat' dir='ltr'><strong>sperabat</strong></span> <span class='ocrx_word' id='word_1_291' title='bbox 535 3215 566 3257; x_wconf 83' lang='lat' dir='ltr'><strong>ee</strong></span> <span class='ocrx_word' id='word_1_292' title='bbox 585 3196 807 3275; x_wconf 88' lang='lat' dir='ltr'><strong>imprudentem</strong></span> <span class='ocrx_word' id='word_1_293' title='bbox 821 3196 936 3262; x_wconf 91' lang='lat' dir='ltr'><strong>hostem</strong></span> <span class='ocrx_word' id='word_1_294' title='bbox 950 3221 1103 3282; x_wconf 87' lang='lat' dir='ltr'><strong>oppressu-</strong></span> 
     </span>
     <span class='ocr_line' id='line_1_39' title="bbox 218 3274 1103 3365; baseline 0.003 -26"><span class='ocrx_word' id='word_1_295' title='bbox 218 3298 295 3340; x_wconf 87' lang='lat' dir='ltr'><strong>rum.</strong></span> <span class='ocrx_word' id='word_1_296' title='bbox 337 3274 389 3336; x_wconf 93' lang='lat' dir='ltr'><strong>Ad</strong></span> <span class='ocrx_word' id='word_1_297' title='bbox 410 3275 489 3336; x_wconf 88' lang='lat' dir='ltr'><strong>hano</strong></span> <span class='ocrx_word' id='word_1_298' title='bbox 509 3294 572 3335; x_wconf 87' lang='lat' dir='ltr'><strong>rem</strong></span> <span class='ocrx_word' id='word_1_299' title='bbox 592 3274 808 3336; x_wconf 88' lang='lat' dir='ltr'><strong>conficiendam</strong></span> <span class='ocrx_word' id='word_1_300' title='bbox 829 3277 992 3359; x_wconf 86' lang='lat' dir='ltr'><strong>imperavit</strong></span> <span class='ocrx_word' id='word_1_301' title='bbox 1012 3302 1103 3365; x_wconf 89' lang='lat' dir='ltr'><strong>quam</strong></span> 
     </span>
     <span class='ocr_line' id='line_1_40' title="bbox 217 3353 1104 3446; baseline 0.01 -29"><span class='ocrx_word' id='word_1_302' title='bbox 217 3355 365 3436; x_wconf 80' lang='lat' dir='ltr'><strong>plurimos</strong></span> <span class='ocrx_word' id='word_1_303' title='bbox 384 3361 465 3415; x_wconf 83' lang='lat' dir='ltr'><strong>utres</strong></span> <span class='ocrx_word' id='word_1_304' title='bbox 485 3361 576 3434; x_wconf 85' lang='lat' dir='ltr'><strong>atquo</strong></span> <span class='ocrx_word' id='word_1_305' title='bbox 596 3353 687 3429; x_wconf 84' lang='lat' dir='ltr'><strong>etiam</strong></span> <span class='ocrx_word' id='word_1_306' title='bbox 703 3354 815 3419; x_wconf 85' lang='lat' dir='ltr'><strong>culleos</strong></span> <span class='ocrx_word' id='word_1_307' title='bbox 829 3360 1017 3441; x_wconf 82' lang='lat' dir='ltr'><strong>comparari3</strong></span> <span class='ocrx_word' id='word_1_308' title='bbox 1038 3370 1104 3446; x_wconf 89' lang='lat' dir='ltr'><strong>post</strong></span> 
     </span>
    </p>
   </div>
   <div class='ocr_carea' id='block_1_3' title="bbox 0 0 1178 3704">
    <p class='ocr_par' dir='ltr' id='par_1_3' title="bbox 0 0 1178 3704">
     <span class='ocr_line' id='line_1_41' title="bbox 0 0 1178 3704; baseline 0 4"><span class='ocrx_word' id='word_1_309' title='bbox 0 0 1178 3704; x_wconf 95' lang='lat' dir='ltr'><strong> </strong></span> 
     </span>
    </p>
   </div>
  </div>
 </body>
</html>
