2288 3698
380 169 623 219 naumann.
935 154 996 219 101

67 328 206 407 pervenit,
220 328 301 416 quod
321 325 406 389 abest
425 347 445 389 a
464 327 559 387 Zama
571 242 690 388 πει
703 325 790 389 milia
802 347 945 407 passuum

67 417 201 469 trecenta.
243 408 281 469 In
320 429 355 468 ac
368 408 442 487 fuga
461 406 623 480 Numidae,
678 407 800 507 isimul
821 428 890 469 cum
910 429 945 471 eo

66 507 100 546 ex
117 490 219 549 ac'ee
243 508 304 548 cess
356 496 399 559 nt,
419 484 607 548 insidiante
665 482 807 567 audica
821 508 881 549 non
901 509 945 551 so·
1028 514 1051 555 7

66 565 125 626 lum
147 588 164 628 e
186 589 205 628 u
253 568 331 640 ,sed
353 567 391 627 et'
414 588 445 626 m
467 567 545 645 ipsos
565 550 719 645 oppressit.
760 568 995 630 Hadrumeti-
1031 578 1043 611 ¹

65 647 189 726 reliquos
202 670 219 707 e
232 648 307 727 fuga
326 618 433 726 chllegr
455 668 463 719 3
483 646 570 708 novis
583 646 749 708 delectibus
767 649 872 729 paucis
885 649 946 710 die·
979 648 997 707 5

66 724 116 785 bus
129 727 240 788 multos
254 728 414 787 contraxit.
460 788 463 795 ,
535 700 600 807 Ἲ
658 762 698 809 1,

101 805 175 867 VII.
195 807 274 868 Cum
288 807 320 866 in
334 802 511 886 apparando
526 802 671 868 acerrirne
684 814 760 868 esset
772 817 944 891 occupatus,
983 836 1054 913 1]
1066 826 1086 877 c

65 882 321 966 Carthaginienses
335 887 449 947 bellum
464 907 533 947 cum
548 886 694 948 Romanis
704 897 943 968 composuerunt.

65 962 119 1025 llle
131 967 227 1026 nihilo
272 968 297 1027 c'
421 966 495 1026 c'tui
513 976 616 1046 postea
635 960 767 1045 praefuit
787 987 892 1048 resque
911 969 943 1028 in
973 950 1007 1053 'l‘

64 1043 166 1106 Africa
178 1056 255 1126 g'ess1
270 1036 365 1120 silem
407 1068 424 1106 e
473 1067 539 1126 ago,
553 1047 647 1107 frater
660 1048 733 1119 e'us,
746 1066 841 1140 usgue
855 1047 897 1131 ad
908 1047 997 1141 [3310

64 1121 237 1204 Sulpicium,
251 1126 285 1188 O.
299 1127 462 1187 Aurelium
484 1127 627 1187 consulem
706 1127 712 1139 '
748 1147 830 1187 emm
851 1124 943 1208 magr·
961 1130 974 1145 “

64 1206 202 1267 stratibus
225 1207 319 1287 legati
342 1206 605 1285 Carthaginienses
632 1206 762 1268 Romam
785 1217 943 1283 venerunt,

64 1285 111 1360 qui
123 1288 241 1347 senatui
255 1282 426 1367 populosius
440 1287 578 1348 Romano
590 1287 704 1366 gratias
717 1297 849 1366 agerent,
863 1288 944 1368 quod

64 1382 127 1424 cum
140 1366 189 1427 his
201 1387 306 1445 pacem
321 1367 466 1439 fecissent,
480 1367 519 1427 ob
533 1386 659 1446 eamque
678 1387 741 1428 rem
761 1388 872 1429 corona
891 1389 943 1431 au·

64 1461 110 1503 rea
121 1466 171 1506 eos
186 1423 334 1507 donttthh
346 1448 496 1526 simulque
511 1456 654 1526 peterent,
665 1456 700 1531 ut
713 1447 829 1509 obsides
838 1469 942 1510 eorum
956 1448 995 1508 15

64 1521 207 1604 Fregellis
283 1538 317 1587 nt
331 1527 503 1607 captivique
518 1526 721 1588 redddrentur.
762 1528 822 1589 His
841 1549 881 1589 ex
900 1549 942 1590 se

64 1612 145 1666 natus
159 1627 231 1668 cons
311 1627 484 1687 responsum
498 1616 559 1668 est:
580 1627 690 1667 munus
703 1628 807 1668 eorum
820 1618 942 1687 gratum

63 1696 274 1780 acceptumque
293 1707 372 1760 esse;
393 1687 518 1760 obsides,
533 1708 593 1767 quo
612 1688 678 1749 loco
699 1692 849 1765 rogarent,
862 1688 942 1748 futu-

64 1781 122 1837 r0s;
155 1788 292 1848 capros
319 1787 380 1863 ppp
407 1750 589 1841 reinissuros,
616 1768 698 1847 quod
725 1767 942 1840 Hannibalem,

63 1845 140 1923 cujus
161 1868 219 1928 ope
274 1838 445 1927 suscepiilm
467 1848 582 1908 bellum
604 1849 689 1921 foret,
703 1846 941 1907 inimicissimum
956 1849 995 1910 20

63 1926 170 1988 nomini
198 1928 347 2001 Romano,
374 1928 466 1988 etiam
499 1948 581 1988 nunc
608 1947 678 1987 cum
705 1927 832 2006 imperio
859 1927 941 2005 apud
1010 1928 1022 1977 Ι

63 2008 222 2069 exercitum
235 2008 391 2082 haberent,
405 2009 536 2089 itemque
549 2008 675 2067 fratrem
688 2007 752 2066 e'us
771 2005 941 2084 Magonem.
1007 2036 1010 2047 ·

62 2078 125 2146 Hoc
146 2090 287 2172 responso
309 2088 571 2167 Carthaginienses
592 2086 712 2165 cognito
734 2085 980 2189 Hannibalem&

63 2160 178 2228 domum
206 2178 237 2229 et
263 2167 425 2248 Magonem
443 2175 641 2249 revocarunt.
682 2165 756 2227 Huc
782 2175 817 2226 ut
843 2166 942 2240 rediit,
966 2209 973 2227 .
1084 2192 1087 2198 ·

62 2256 175 2321 praetor
185 2247 284 2309 factus
297 2258 350 2322 est,
360 2250 520 2328 postquam
534 2270 589 2308 rex
599 2248 707 2321 fuerat,
717 2267 798 2308 anno
811 2247 942 2308 secundo
955 2248 994 2311 25

62 2325 247 2389 etvicesimo.
289 2326 335 2390 Ut
356 2329 436 2389 enim
459 2329 574 2389 Romae
596 2329 739 2402 consules,
752 2328 795 2388 sic
817 2327 943 2391 Cartha-

61 2401 124 2479 gine
137 2409 298 2549 quopannis
318 2409 412 2469 annui
432 2408 497 2468 bini
517 2428 600 2487 reges
619 2394 807 2469 creabantur.
849 2407 888 2468 In
907 2429 942 2469 eo
975 2480 979 2491 Ι

61 2486 233 2564 magistrat
252 2489 320 2568 pari
339 2488 497 2568 diligentia
516 2509 548 2549 se
567 2488 726 2550 Hannibal
746 2484 887 2569 praebuit
906 2508 942 2549 ac

62 2559 155 2628 filerat
174 2568 207 2627 in
225 2569 314 2629 bello.
356 2564 497 2648 Nar'fi'due
510 2569 615 2642 effecit,
630 2588 669 2629 ex
688 2570 774 2629 novis
788 2568 942 2648 vectigali·

61 2636 112 2704 bus
154 2669 194 2709 on
213 2649 312 2710 solum
354 2658 465 2709 tesset
484 2650 622 2728 pecunia,
637 2670 714 2727 quae
736 2649 882 2709 Romania
902 2670 941 2709 ex
955 2650 994 2710 30

62 2666 174 2787 hedde
196 2670 386 2821 pendgpellir,
409 2730 461 2790 sed
488 2730 580 2790 etiam
607 2726 780 2808 superesset,
804 2749 882 2809 qnae
907 2729 940 2788 in
976 2714 1006 2791 ⁷¹.

62 2782 386 2888 aaran'h'tepolerttur.
428 2809 547 2870 Deinde
568 2830 647 2869 anno
669 2817 737 2889 post
757 2819 940 2888 praeturam,

62 2876 161 2947 Marco
174 2887 314 2962 Claudio,
324 2889 421 2949 Lucio
434 2889 529 2949 Furio
544 2890 724 2963 oonsulibus,
735 2889 835 2950 Roma
848 2890 939 2982 legati

63 2956 869 3129 reuerterant,,tuerentur
889 2989 940 3109 n
953 3048 992 3109 a
1049 3090 1053 3109 .

65 3129 148 3197 retur,
158 3147 265 3190 navem
280 3129 415 3188 ascendit
429 3128 508 3188 clam
523 3137 613 3207 atque
624 3128 657 3189 In
664 3129 786 3217 Syriam
801 3129 841 3189 ad
851 3127 939 3187 Anti·
982 3184 988 3203 ,

65 3199 165 3265 ochum
179 3208 321 3287 profugit.
362 3207 433 3269 Hac
453 3229 486 3287 re
505 3202 609 3287 palam
629 3202 718 3281 facta,
733 3209 827 3269 Poeni
847 3227 941 3287 naves
979 3222 984 3237 ¹

66 3274 141 3357 duas,
154 3306 231 3365 quae
250 3308 319 3348 eum
340 3282 634 3367 comprehenderent,
649 3288 680 3359 si
703 3296 823 3365 possent
842 3286 939 3344 consc-
968 3330 1004 3367 „7

83 3359 120 3432 lli,
142 3366 304 3437 miserunt3
334 3367 415 3426 bona
441 3368 504 3443 ejus
531 3358 893 3440 publicarunt3⁴domum
920 3381 940 3418 a
1001 3406 1006 3427 .

64 3373 259 3506 dardanensis
273 3434 454 3525 disjecffiunt
462 3463 471 3515 ς
490 3443 590 3519 ipsum
603 3439 738 3557 exsplem
753 3435 1035 3585 judi'fflruntffl

318 3554 325 3579 r
619 3558 624 3567 ·
679 3538 706 3579 -Κ

822 3572 844 3605 xJ.
