2346 3704
470 170 620 220 conon.
989 157 1033 221 43

83 330 229 403 audisset,
252 347 317 390 non
340 327 499 408 quaesivit,
521 327 576 389 ubi
599 328 664 407 ipse
686 334 754 389 tuto
777 327 904 402 viveret,
925 327 978 390 sed

83 412 167 470 unde
181 409 335 490 praesidio
350 418 449 488 posset
462 430 523 470 esse
537 409 654 470 civibus
670 409 740 469 suis.
781 408 890 488 Itaque
910 430 978 470 con·

82 490 159 550 tulit
172 511 207 550 se
220 490 261 550 ad
272 489 516 561 Pharnabazum,
527 498 677 568 satrapem
688 487 794 549 Ioniae
806 498 837 549 et
850 488 977 569 Lydiae,

82 571 280 648 eundemque
327 589 452 629 enerum
479 568 557 647 regis
583 578 615 628 et
641 569 863 647 propinquum
893 569 976 648 apud

82 670 178 743 quem
199 658 236 709 ut
256 591 389 708 multum
409 649 508 727 gratia
521 649 646 723 valeret,
660 649 757 708 multo
778 649 881 709 labore
900 650 977 709 mul·
1010 650 1030 713 5

81 738 186 809 tlsque
214 729 313 789 effecit
340 729 490 807 periculis.
532 727 615 788 Nam
638 748 709 788 eum
734 728 976 805 Lacedaemonii,

81 809 328 871 Atheniensibus
351 808 487 881 devictis,
508 808 540 868 in
565 809 706 869 societate
726 828 789 868 non
810 817 976 883 manerent,

81 910 180 969 quam
195 910 266 949 cum
280 888 457 950 Artaxerxe
469 887 612 962 fecerant,
626 888 864 968 Agesilaumque
883 889 976 951 bella·

81 979 152 1031 tum
174 969 326 1028 misissent
344 968 378 1028 in
397 967 515 1041 Asiam,
536 969 669 1028 maxime
690 968 815 1047 impulsi
838 989 857 1029 a
881 968 976 1029 Tissa·

81 1051 212 1130 pherne,
221 1049 325 1188 qqiex
335 1048 450 1108 intimis
464 1049 541 1127 regis
555 1049 594 1108 ab
609 1048 744 1108 amicitia
754 1049 817 1127 ejus
827 1049 976 1112 defecerat
989 1050 1029 1113 10

81 1140 114 1191 θῖ
135 1150 210 1190 cum
280 1129 478 1188 cedaemoniis
499 1129 612 1189 coierat
631 1128 811 1202 societatem,
825 1128 907 1189 huno
925 1130 976 1189 ad·

80 1229 192 1273 versus
203 1208 419 1269 Pharnabazus
429 1208 552 1268 habitus
561 1217 606 1268 est
616 1208 796 1287 imperator3
809 1229 842 1269 re
853 1209 976 1288 quidem

80 1310 160 1353 vera
172 1289 320 1349 exercitui
352 1288 463 1348 raefuit
473 1288 587 1361 Conon,
596 1290 720 1368 ejusque
733 1289 835 1350 omnia
848 1290 974 1352 arbitrio

80 1380 172 1450 gesta
200 1378 279 1430 sunt
356 1368 384 1428 ic
410 1368 542 1429 multum
570 1370 678 1429 ducem
707 1389 868 1445 summum,
895 1370 975 1450 Age·

81 1451 209 1523 silaum,
233 1449 402 1528 impedivit,
425 1469 574 1528 saepeque
593 1451 657 1529 ejus
681 1450 812 1510 consiliis
839 1451 1026 1526 obstitit315

81 1551 185 1610 neque
199 1551 272 1590 vero
285 1550 346 1588 non
359 1529 419 1589 fuit
433 1537 581 1608 apertum,
594 1531 619 1589 si
633 1529 686 1590 ille
699 1551 760 1590 non
773 1530 886 1605 fuisset,
894 1532 974 1611 Age-

81 1612 199 1671 silaum
224 1608 332 1669 AsiAm
356 1607 457 1669 Tauro
480 1618 568 1670 tenus
590 1610 654 1689 regi
677 1610 768 1671 fuisse
790 1621 973 1689 erepturum.

84 1691 152 1768 Qui
163 1699 360 1770 posteaquam
374 1689 499 1749 domum
511 1710 531 1750 a
544 1690 605 1750 suis
619 1690 735 1752 civibus
748 1701 906 1753 revocatus
920 1702 973 1765 est,

83 1772 169 1851 quod
191 1770 310 1830 Boeotii
330 1778 361 1829 et
374 1769 573 1830 Athenienses
593 1770 840 1831 Lacedaemoniis
859 1771 973 1831 bellum

83 1852 273 1922 indixerant,
283 1849 389 1909 Conon
401 1849 498 1909 nihilo
512 1851 607 1910 secius
621 1852 704 1929 apud
716 1851 882 1930 praefectos
895 1852 974 1931 regis
987 1853 1027 1915 20

83 1931 268 1993 versabatur
280 1929 387 2008 hisque
400 1930 540 1990 omnibus
553 1950 664 2009 magno
678 1940 743 1991 erat
755 1931 832 1991 usui.

127 2011 190 2071 III.
212 2009 372 2070 Defecerat
392 2029 412 2069 a
431 2030 502 2088 rege
517 2008 739 2089 Tissaphernes,
753 2031 849 2090 neque
862 2011 895 2070 id
908 2020 973 2073 tam

84 2090 258 2153 Artaxerxi
271 2110 364 2168 quam
378 2089 482 2149 ceteris
496 2099 561 2150 erat
574 2100 722 2168 apertum.
763 2091 871 2152 Multis
891 2093 973 2153 enim

84 2171 266 2251 magnisque
279 2169 393 2230 meritis
413 2169 496 2248 apud
516 2190 625 2249 regem,
640 2171 732 2231 etiam
746 2193 815 2231 cum
829 2172 861 2232 in
875 2173 972 2236 officio

82 2273 148 2312 non
161 2259 307 2323 maneret,
321 2249 453 2310 valebat,
494 2248 602 2329 Neque
622 2249 654 2311 id
674 2252 856 2327 mirandum,
870 2254 896 2314 si
909 2275 971 2315 non
985 2255 1025 2316 25

82 2332 176 2393 facile
196 2331 237 2391 ad
258 2329 441 2390 credendum
462 2330 678 2406 adducebatur,
691 2333 891 2408 reminiscens,
908 2336 972 2414 ejus

81 2432 115 2473 se
124 2432 218 2490 opera
228 2410 344 2490 Cyrum
354 2409 480 2469 fratrem
491 2431 652 2490 superasse.
694 2412 796 2493 Hujus
809 2415 971 2476 accusandi

81 2493 186 2572 gratia
199 2490 306 2551 Conon
319 2510 339 2550 a
351 2489 550 2551 Pharnabazo
564 2492 604 2551 ad
617 2511 651 2552 re
671 2514 718 2552 em
732 2494 847 2566 missus,
879 2505 973 2555 ostea

82 2592 179 2652 quam
198 2571 293 2644 venit,
313 2571 448 2649 primum
470 2591 510 2630 ex
533 2592 616 2632 more
666 2593 800 2633 erearum
886 2576 972 2635 chili-

82 2653 222 2724 archum,
249 2651 304 2729 qui
330 2649 496 2710 secundum
529 2653 660 2731 gradum
693 2654 812 2732 imperii
839 2655 970 2731 tenebat,
985 2657 1023 2719 30

82 2731 293 2792 Tithraustem
307 2730 439 2802 accessit,
452 2750 543 2811 seque
556 2732 687 2793 ostendit
703 2754 772 2793 cum
793 2755 863 2815 rege
881 2737 971 2797 collo·

105 2812 139 2870 ui
152 2811 241 2873 velle.
283 2809 381 2870 Nemo
402 2810 483 2870 enim
503 2812 567 2871 sine
587 2813 644 2873 hoo
663 2814 844 2876 admittitur.
885 2815 970 2880 Huic

81 2833 148 2963 ille,
169 2889 320 2962 “Nulla'’
348 2890 457 2968 inquit,
486 2894 598 2951 “mora
619 2901 680 2965 est;
699 2894 751 2953 sed
772 2903 807 2954 tu
828 2894 970 2972 delibera,

82 2981 189 3032 utrum
217 2969 350 3049 colloqui
376 2969 466 3029 malis
487 2991 527 3030 an
549 2992 604 3051 per
627 2973 743 3033 litteras
770 2995 868 3053 agere,
893 2997 971 3055 quae

83 3052 208 3132 cogitas.
251 3050 379 3109 Necesse
392 3059 436 3108 est
449 3051 538 3124 enim,
552 3052 579 3111 si
591 3051 624 3111 in
638 3062 830 3131 conspectum
843 3059 969 3130 veneris,
984 3056 1023 3115 35

82 3131 225 3194 venerari
238 3139 269 3192 te
283 3149 383 3207 regem
395 3130 490 3207 (quod
500 3138 663 3203 προσκύνησιν
674 3132 722 3193 illi
731 3134 866 3207 vocant).
900 3136 971 3197 Hoc

83 3211 111 3273 si
124 3211 181 3271 tibi
195 3230 290 3289 grave
303 3218 356 3281 est,
370 3229 424 3287 per
436 3229 485 3268 me
498 3209 596 3268 nihilo
609 3211 704 3272 secius
718 3213 806 3272 editis
819 3216 971 3274 mandatis

84 3291 234 3361 conficies,
249 3288 330 3368 quod
350 3288 478 3348 studes.''
519 3288 598 3347 Tum
619 3289 733 3361 Conon,
747 3291 854 3349 “Mihi
870 3293 969 3364 vero‚'’

85 3370 195 3454 inquit,
217 3373 234 3401 “
243 3388 305 3432 non
331 3375 376 3431 est
402 3387 505 3450 grave,
525 3368 663 3446 quemvis
689 3367 833 3429 honorem
859 3367 972 3430 habere
1020 3450 1022 3457 y

6 3630 147 3651 r—Lm-n
