2346 3704
7 804 67 935 N

131 129 174 197 ⁷4
401 147 614 193 corruam
644 149 837 197 usrorrs.

367 510 515 584 XVII.
545 511 888 584 AGESILAUS.

416 701 422 711 .
520 672 734 714 —wmw—

225 794 251 857 L
285 792 481 866 Alamannus,
509 793 776 868 Lacedaemonius,
811 815 881 854 cum
915 814 935 856 a
968 795 1084 856 ceteris

185 874 381 954 scriptoribus
408 882 475 934 tum
501 874 612 934 eximie
639 894 658 934 a
684 874 891 953 Xenophonte
919 873 1082 936 Socratico
1164 874 1165 945 l

186 955 376 1017 collaudatus
403 963 463 1027 est3
495 975 529 1014 eo
553 954 634 1014 enim
660 974 732 1013 usus
759 962 803 1014 est
830 954 1078 1015 familiarissime.
1164 954 1165 979 ³

187 1036 250 1096 Hic
263 1035 396 1115 primum
411 1034 449 1094 de
469 1055 561 1113 regno
581 1054 651 1093 cum
671 1033 868 1114 Leotychide,
882 1034 987 1095 fratris
1001 1035 1077 1109 filio,
1164 1046 1165 1105 ἦ

42 1144 48 1157 ·
153 1116 296 1176 thabuit
316 1114 545 1174 contentionem.
586 1113 655 1174 Mos
682 1122 727 1174 est
754 1113 835 1174 enim
862 1135 881 1174 a
908 1115 1081 1194 majoribus·
1164 1110 1165 1197 l

186 1195 433 1256 Lacedaemoniis
459 1193 598 1267 traditus,
620 1202 655 1253 ut
681 1194 756 1254 duos
784 1194 930 1255 haberent
957 1216 1077 1276 semper

187 1297 280 1354 reges,
301 1275 422 1334 nomine
444 1275 540 1352 magis
562 1294 653 1352 quam
675 1274 812 1352 imperio,
831 1295 869 1334 ex
891 1275 1012 1336 duabus
1033 1277 1077 1336 fa·

186 1356 279 1415 miliis
296 1354 397 1414 Procli
411 1364 442 1414 et
456 1354 664 1433 Eurysthenis,
679 1355 732 1433 qui
752 1354 903 1434 principes
917 1376 957 1415 ex
970 1377 1076 1436 progc
1164 1356 1165 1411 ἰ

186 1436 237 1495 nic
266 1435 410 1495 Herculis
436 1433 565 1512 Spartae
591 1454 675 1513 reges
702 1434 834 1494 fuerunt.
884 1435 1008 1496 Horum
1036 1457 1076 1496 ex

136 1516 174 1575 10
187 1516 283 1576 altera
305 1515 338 1573 in
361 1515 485 1574 alterius
507 1513 641 1593 familiae
663 1513 763 1573 locum
785 1514 850 1574 fieri
872 1536 933 1575 non
954 1516 1075 1578 licebat.

188 1595 296 1674 Itaque
315 1604 444 1673 utraque
463 1614 552 1654 suum
575 1593 725 1654 retinebat
748 1594 892 1654 ordinem.
934 1596 1076 1657 Primum

187 1677 265 1736 ratio
285 1675 462 1747 habebatur,
477 1675 529 1753 qui
549 1674 701 1734 maximus
721 1684 796 1755 natu
817 1683 892 1734 esset
911 1696 951 1735 ex
972 1675 1075 1738 liberis

188 1758 260 1836 ejus,
272 1756 327 1835 qui
347 1776 475 1833 regnans
495 1755 672 1814 decessisset.
714 1754 767 1815 sin
787 1754 945 1816 isvirilem
967 1776 1074 1817 sexum

187 1858 248 1898 non
262 1836 438 1916 reliquisset,
451 1843 517 1895 tum
538 1834 735 1913 deligebatur,
750 1835 802 1913 qui
822 1835 979 1913 proximus
1000 1846 1074 1898 esset

134 1918 174 1977 15
188 1917 422 1998 propinquitate.
463 1915 604 1975 Mortuus
624 1923 689 1974 erat
709 1917 786 1993 Agis
807 1935 870 1987 rex,
884 1916 979 1976 irater
994 1917 1073 1997 Age

188 1999 256 2060 silai
266 2020 274 2070 ;
294 1997 392 2056 filium
414 1995 581 2074 reliquerat
598 1994 824 2075 Leotychidem,
840 2015 929 2073 quem
949 1995 1003 2057 ille
1022 2019 1072 2058 na-

188 2088 255 2140 tum
274 2098 335 2137 non
356 2085 500 2155 agnorat;
521 2075 650 2136 eundern
663 2076 793 2134 moriens
813 2095 902 2134 suurn
916 2096 978 2136 esse
992 2077 1071 2138 dixe

188 2153 245 2220 rat.
287 2157 318 2218 Is
331 2157 370 2217 de
390 2157 503 2216 honore
523 2155 608 2234 regni
629 2175 699 2214 cum
713 2154 865 2234 Agesilao,
879 2175 933 2216 suo
954 2166 1070 2236 patruo,

189 2237 361 2310 contendit;
388 2257 485 2315 neque
509 2236 550 2307 id,
571 2235 652 2314 quod
676 2236 793 2315 petivit,
818 2244 993 2297 consecutus
1019 2247 1069 2299 est.

134 2319 175 2382 20
189 2319 271 2380 Nam
291 2317 450 2397 Lysandro
470 2316 663 2394 suffragante,
683 2315 813 2388 homine,
835 2323 869 2375 ut
890 2317 1069 2379 ostendimus

188 2398 427 2479 supra-factioso
441 2404 471 2457 et
493 2396 540 2456 his
560 2394 746 2475 temporibus
766 2403 897 2475 potente,
912 2396 1069 2476 Agesilaus

188 2480 339 2542 antelatus
353 2487 405 2538 est.

229 2559 273 2619 ΙΙ.
294 2559 366 2631 Hic,
377 2556 471 2619 simul
491 2565 582 2636 atque
595 2555 715 2634 imperii
729 2556 842 2634 potitus
858 2564 911 2631 est,
926 2560 1069 2636 persuasit

188 2639 444 2712 Lacedaemoniis,
468 2646 503 2697 ut
527 2637 693 2697 exercitum
718 2637 889 2697 emitterent
913 2637 946 2696 in
966 2638 1068 2700 Asiam

134 2721 363 2799 nataliumque
383 2719 446 2797 regi
466 2717 616 2789 facerent;
637 2715 745 2777 docens
765 2717 858 2777 satius
872 2737 934 2777 esse
951 2717 983 2776 in
997 2718 1068 2780 Asia

209 2821 281 2861 uam
301 2800 333 2859 in
354 2799 480 2877 Europa
500 2797 647 2858 dimicari.
688 2797 830 2875 Namque
846 2797 929 2857 fama
949 2798 1072 2872 exierat,

221 2890 393 2942 rtaxerxem
415 2898 590 2956 comparare
610 2877 717 2938 classes
736 2878 945 2956 pedestresque
963 2881 1067 2939 exerci-

187 2971 245 3036 tus,
268 2981 344 3042 quos
371 2960 403 3019 in
431 2957 591 3020 Graeciam
618 2958 758 3018 mitteret.
808 2956 892 3018 Data
918 2967 1066 3036 potestate,

187 3052 275 3104 tanta
289 3041 442 3103 celeritate
462 3058 533 3098 usus
554 3046 607 3111 est,
621 3046 656 3098 ut
676 3038 760 3117 prius
777 3037 809 3096 in
823 3036 931 3096 Asiam
945 3058 1012 3098 cum
1024 3059 1067 3099 co

134 3124 174 3185 30
187 3125 253 3203 piis*
273 3119 452 3200 pervenerit,
480 3137 572 3198 quam
600 3117 675 3197 regii
701 3124 843 3196 satrapae
869 3137 938 3179 cum
965 3119 1067 3181 scirent

188 3202 365 3295 profectum.
407 3199 478 3273 Quo
503 3197 618 3258 factum
643 3206 695 3269 est,
719 3206 754 3257 nt
781 3218 883 3259 omnes
910 3199 1067 3279 imparatos
1156 3266 1157 3269 ,

189 3280 453 3361 imprudentesque
474 3276 644 3338 offenderet.
687 3277 724 3336 Id
752 3285 787 3337 ut
815 3280 957 3357 cognovit
980 3280 1067 3343 Tissa·

188 3361 325 3440 phernes,
337 3358 390 3440 qui
403 3376 555 3419 summum
569 3355 730 3438 imperium
740 3365 807 3419 tum
821 3358 901 3421 inter
909 3361 1067 3442 praefectos
