2346 3704
87 152 128 213 12
354 166 567 214 0011111111
596 165 790 215 neporus.

137 323 344 403 locupletavit.
385 321 493 403 Neque
502 323 603 386 minus
616 325 648 385 in
663 344 699 386 ea
711 343 744 384 re
757 322 920 403 prudentia
931 344 1023 405 quam

137 404 281 465 felicitate
306 404 428 484 adjutus
452 413 504 466 est.
546 404 629 465 Nam
656 424 726 465 eum
748 404 864 467 virtute
886 405 1023 466 militum

136 484 294 548 devicisset
315 485 448 546 hostium
471 485 629 559 exercitus,
654 505 773 545 summa
799 486 953 563 aequitate
977 506 1023 547 res

136 564 292 625 constituit
306 573 397 643 atque
411 564 475 643 ipse
488 565 602 625 ibidem
619 584 742 625 manere
760 563 902 626 decrevit.
944 565 1023 627 Erat

103 645 217 706 henim
237 644 316 705 inter
337 665 386 705 eos
406 643 555 723 dignitate
576 646 668 724 regia,
683 644 821 724 quamvis
835 644 958 706 carebat
971 667 1023 706 no·

135 725 233 798 mine;
254 745 350 802 neque
364 724 397 784 id
410 726 507 803 magis
527 724 654 803 imperio
673 744 766 804 quam
781 724 902 804 justitia
923 746 1022 787 conse·

135 813 231 865 cutus.
272 804 379 883 Neque
393 825 427 864 eo
441 805 536 864 secius
547 804 791 878 Atheniensibus,
803 825 822 864 a
833 805 942 882 quibus
956 815 1022 868 erat

134 885 294 963 profectus,
316 885 414 945 officia
437 884 619 963 praestabat.
662 884 782 961 Quibus
806 884 895 944 rebus
919 884 1020 960 fiebat,

134 976 251 1025 utnon
271 964 371 1024 minus
391 984 495 1024 eorum
514 965 672 1026 voluntate
692 974 837 1043 perpetuo
858 965 1020 1043 imperium

81 1045 120 1107 10
134 1044 291 1117 obtineret,
306 1045 358 1123 qui
379 1045 531 1117 miserant,
552 1064 644 1124 quam
664 1045 797 1117 illorum,
819 1064 888 1104 eum
910 1046 1020 1123 quibus

133 1134 199 1185 erat
226 1124 384 1204 profectus.
435 1124 618 1185 Chersoneso
646 1125 703 1185 tali
729 1123 819 1185 modo
846 1125 1019 1200 constituta,

133 1204 285 1265 Lemnum
312 1204 474 1267 revertitur
498 1214 528 1266 et
551 1226 590 1265 ex
615 1214 703 1284 pacto
731 1204 874 1284 postulat,
897 1214 934 1266 ut
960 1206 1019 1266 sibi

132 1285 239 1345 urbem
252 1284 384 1345 tradant,
425 1284 479 1344 Illi
493 1285 573 1345 enirn
584 1285 734 1358 dixerant,
746 1304 815 1345 cum
825 1293 916 1346 vento
927 1284 1019 1361 borea

107 1365 223 1425 'domo
246 1365 398 1444 profectus
425 1385 459 1425 eo
483 1367 676 1444 pervenisset,
700 1385 762 1426 sese
788 1364 959 1438 dedituros3
987 1387 1019 1428 se

78 1447 118 1509 15
133 1454 234 1505 autem
256 1445 379 1505 domum
400 1444 574 1505 Chersonesi
594 1446 714 1506 habere.
755 1444 856 1518 Cares,
877 1445 930 1524 qui
951 1454 1018 1507 turn

132 1525 283 1586 Lamnum
302 1525 482 1599 incolebant,
497 1526 552 1585 etsi
565 1535 685 1605 praeter
698 1526 871 1604 opinionem
884 1545 931 1586 res
944 1527 1018 1586 ceci-

132 1606 226 1679 derat,
240 1614 342 1665 tamen
356 1625 417 1666 non
431 1606 521 1679 dicto,
532 1606 584 1666 sed
597 1606 729 1666 secunda
743 1605 866 1666 fortuna
879 1606 1017 1668 adversa·

132 1686 246 1746 riorum
265 1686 355 1764 eapti,
369 1685 505 1747 resistere
518 1686 583 1746 ausi
598 1705 659 1746 non
673 1695 745 1747 sunt
758 1696 850 1766 atque
863 1706 902 1747 ex
915 1686 1017 1749 insula

131 1765 461 1846 demigrarunt.'⁴„Pari
484 1765 629 1827 felicitate
653 1775 767 1827 ceteras
791 1766 914 1839 insulas,
938 1787 1016 1846 quae

77 1850 116 1913 20
129 1846 276 1988 toesltcdddlae
293 1846 497 1922 nominantur,
511 1846 568 1907 sub
581 1846 816 1907 Atheniensium
836 1847 952 1926 redegit
964 1868 1016 1927 po-

236 1947 275 1988 m·
405 1948 408 1957 ,

169 2006 230 2069 111.
252 2006 375 2068 Eisdem
394 2007 579 2086 temporibus
593 2006 754 2068 Persarum
769 2027 822 2067 rex
838 2005 960 2080 Darius,
975 2028 1015 2068 ex

126 2087 206 2148 Asia
225 2088 258 2148 in
278 2088 434 2166 Europam
455 2089 589 2148 exercitu
610 2090 743 2168 trajecto,
757 2087 878 2167 Scythis
899 2088 1014 2149 bellum

128 2169 240 2229 inferre
260 2169 401 2229 decrevit.
444 2169 571 2229 Pontem
595 2169 667 2228 fecit
690 2169 723 2228 in
747 2168 855 2229 Histro
880 2167 1014 2243 flumine,

75 2253 115 2314 25
129 2269 190 2328 qua
203 2250 303 2328 copias
321 2248 500 2309 traduceret.
542 2248 617 2328 Ejus
631 2249 740 2327 pontis,
754 2247 828 2307 dum
848 2245 912 2326 ipse
932 2249 1014 2309 abes·

128 2338 181 2403 set,
196 2329 332 2389 custodes
345 2329 468 2409 reliquit
481 2330 641 2408 principes,
656 2349 729 2408 quos
750 2348 850 2388 secum
867 2349 906 2388 ex
925 2327 1014 2390 Ionia

129 2419 159 2471 et
172 2409 300 2470 Aeolide
314 2408 461 2482 duxerat3
476 2409 586 2488 quibus
600 2409 727 2488 singulis
740 2410 875 2488 ipsarum
888 2409 1012 2469 urbium

127 2500 273 2570 perpetua
287 2489 411 2550 dederat
424 2490 559 2569 imperia.
601 2489 651 2551 Sic
669 2490 750 2550 enim
767 2489 913 2549 facillime
926 2498 1012 2568 puta·

127 2571 173 2633 vit
186 2591 217 2631 se
231 2569 348 2632 Graeca
362 2570 467 2649 lingua
481 2570 644 2650 loquentes,
656 2570 708 2650 qui
719 2569 827 2630 Asiam
837 2569 1011 2643 incolerent,

74 2655 112 2716 30
126 2651 182 2712 sub
201 2671 255 2711 sua
273 2660 460 2711 retenturum
478 2659 633 2729 potestate
647 2652 673 2712 si
693 2650 797 2711 amicis
817 2650 879 2710 suis
899 2650 1012 2729 oppida

126 2731 240 2792 tuenda
263 2731 443 2804 tradidisset,
468 2731 586 2812 quibus,
611 2752 642 2791 se
664 2751 813 2810 oppresso,
834 2730 921 2789 nulla
944 2750 1011 2808 spes

125 2812 231 2873 salutis
252 2812 328 2870 relin
349 2821 478 2871 ueretur.
521 2811 559 2871 In
572 2812 630 2872 hoc
644 2812 703 2871 fuit
716 2820 782 2871 tum
796 2830 921 2870 1111111010
940 2809 1010 2869 Μ11-

125 2892 230 2965 tiades,
245 2892 294 2952 oui
308 2832 363 2952 illle
377 2892 514 2952 custodia
527 2892 706 2952 crederetur.
748 2890 810 2950 Hic
824 2911 894 2950 oum
912 2890 1010 2949 crebri

125 2974 265 3033 afferrent
278 2973 388 3046 nuntii,
402 2972 482 3032 male
501 2991 564 3031 rem
583 2992 686 3051 gerere
704 2971 835 3031 Darium
853 2970 1010 3049 premique

72 3054 109 3112 35
125 3054 163 3113 ab
177 3052 306 3131 Scythis,
320 3052 476 3112 Miltiades
489 3052 627 3112 hortatus
640 3062 685 3112 est
698 3052 797 3131 pontis
812 3049 957 3123 custodes,
971 3070 1011 3110 ne

124 3153 143 3191 a
170 3133 292 3191 fortuna
319 3132 423 3192 datam
450 3132 635 3192 occasionem
664 3130 839 3191 liberandae
863 3129 1010 3207 Graeciae

124 3211 318 3271 dimitterent.
359 3211 442 3271 Nam
469 3213 493 3272 si
521 3232 590 3272 cum
614 3212 662 3272 his
686 3212 788 3290 copiis,
809 3231 884 3290 quas
907 3230 1009 3271 secum

123 3297 390 3366 transportaverat,
404 3291 553 3353 interisset
573 3291 696 3365 Darius,
712 3311 773 3351 11011
794 3291 892 3350 solum
913 3290 1010 3351 Euro·

122 3386 195 3440 pam
209 3367 273 3428 fore
286 3377 394 3442 tutam,
408 3372 460 3431 sed
474 3373 566 3433 etiam
580 3391 638 3444 eos,
653 3372 705 3450 qui
719 3371 826 3431 Asiam
842 3370 1010 3432 incolerent
