2288 3698
140 141 208 213 114
424 158 639 208 coruum
669 157 862 206 rurorrs.
944 170 948 179 ·

237 317 298 378 XL
324 317 444 393 Quibus
468 337 507 377 ex
527 316 615 377 malis
640 324 675 377 ut
698 337 729 377 se
749 315 878 388 emersit,
899 313 977 374 nihil
995 313 1081 376 aliud

197 399 259 477 egit
283 417 375 477 quam
398 405 434 458 ut
459 396 607 476 plurimis,
632 397 742 475 quibus
766 395 855 455 rebus
879 403 985 475 posset,
1006 402 1083 455 esset

198 478 321 539 auxilio.
372 476 450 537 Cum
480 477 662 556 proscriptos
692 475 833 555 praemiis
867 476 1082 568 imperatorum
1139 478 1140 503 ³

198 559 309 637 vulgus
329 557 527 636 conquireret,
547 577 636 616 nemo
653 556 688 615 in
709 555 839 635 Epirum
854 566 948 629 vemt,
968 556 1015 616 eui
1037 573 1082 614 res

166 639 185 699 5
199 638 264 699 ulla
281 637 427 708 defuerit3
447 637 561 696 nemini
575 656 636 695 nou
650 635 693 696 ibi
706 645 852 715 perpetuo
872 635 1013 696 manendi
1033 655 1083 713 po

198 727 289 779 testas
310 718 391 778 faeta
412 725 464 777 est.
507 715 571 792 Qui
593 716 683 776 etiam
707 724 775 795 post
818 715 947 776 roelium
970 715 1083 794 Philip

220 819 289 859 ense
302 798 517 876 interitumque
527 795 560 857 O.
575 795 671 856 Cassii
691 806 721 856 et
741 796 785 856 M.
814 796 892 874 ‚ruti
913 796 949 856 L.
964 795 1082 858 Julium

198 820 356 940 llloeillam
371 877 564 956 praetorium,
579 884 610 937 et
625 875 722 935 filium
736 877 809 956 ejus,
822 875 1001 955 Aulumque
1013 875 1084 936 Tor-

200 969 326 1038 quatum
340 966 510 1037 eeterosque
523 957 591 1036 pari
605 956 727 1016 fortuna
747 957 908 1035 perculsos,
922 956 1083 1017 instituerit

147 1038 185 1101 10
199 1040 286 1111 tueri,
301 1048 392 1117 atque
412 1057 450 1097 ex
471 1038 499 1097 E
522 1038 566 1097 iro
581 1037 628 1096 his
641 1036 743 1097 omnia
756 1035 997 1097 Samothraciam
1018 1057 1083 1115 sup

199 1119 314 1200 portari
330 1117 459 1198 jusserit.
534 1117 634 1177 iffieile
647 1125 692 1176 est
707 1116 810 1176 omnia
829 1117 968 1195 persequi
981 1126 1012 1177 et
1024 1136 1083 1176 non

199 1199 406 1260 necessarium.
447 1197 531 1258 Illud
556 1218 651 1257 unum
675 1196 806 1276 intelligi
830 1196 979 1269 volumus,
1004 1197 1084 1256 illius

198 1279 413 1340 liberalitatem
440 1298 537 1357 neque
563 1276 776 1355 temporariam
810 1296 908 1356 neque
941 1277 1084 1338 callidam

199 1360 297 1419 fuisse.
338 1357 377 1418 Id
401 1378 440 1418 ex
466 1358 538 1437 ipsis
565 1358 654 1418 rebus
681 1378 717 1418 ae
744 1355 930 1436 temporibus
952 1357 1085 1437 judicari

147 1438 186 1499 15
199 1448 305 1519 potest,
315 1438 396 1517 quod
410 1458 471 1498 non
481 1438 657 1499 florentibus
670 1458 702 1498 se
711 1437 890 1510 venditavit,
901 1437 954 1498 sed
967 1436 1086 1498 afflietio

199 1539 316 1598 semper
335 1518 499 1589 succurrit;
521 1518 708 1597 quiquidem
729 1517 898 1591 Serviliam,
913 1516 1005 1577 Bruti
1024 1538 1086 1578 ma·
1119 1534 1140 1573 ’Ἰ

199 1610 285 1672 trem,
306 1619 367 1659 non
391 1599 491 1658 minus
514 1606 582 1677 post
603 1607 731 1659 mortem
756 1598 820 1677 ejus
844 1617 936 1676 quam
960 1597 1086 1659 florente

199 1680 333 1740 coluerit.
385 1678 435 1740 Sic
462 1678 645 1739 liberalitate
672 1688 758 1739 utens
784 1678 886 1738 nullas
912 1678 1086 1740 inimicitias

199 1761 306 1840 gessit;
334 1759 414 1838 quod
439 1779 535 1838 neque
559 1759 698 1820 laedebat
721 1780 913 1839 quemquam,
933 1779 1042 1838 neque,
1062 1760 1087 1821 si

147 1840 185 1902 20
200 1861 291 1920 quam
302 1839 443 1919 injuriam
455 1848 620 1918 acceperat,
630 1860 691 1901 non
701 1839 836 1901 malebat
845 1840 984 1902 oblivisci
994 1862 1087 1921 quam

200 1920 311 1980 ulcisci.
353 1919 439 1980 Idem
450 1919 615 1981 immortali
626 1920 770 1981 memoria
783 1930 925 2000 percepta
939 1922 1088 1983 retinebat

198 2000 360 2072 benefieia;
381 2020 458 2079 quae
471 2009 573 2059 autem
587 2000 650 2078 ipse
667 2000 824 2074 tribuerat,
839 2010 903 2062 tam
916 2001 970 2063 diu
984 2003 1088 2062 memi·
1138 2024 1139 2029 ¹

199 2089 294 2151 uerat,
309 2080 409 2172 quoad
429 2080 482 2139 ille
501 2091 605 2158 gratus
619 2090 693 2152 erat,
707 2081 759 2160 qui
772 2092 937 2160 acceperat.
979 2080 1089 2162 Itaque

199 2161 250 2221 hie
270 2160 349 2232 fecit,
364 2169 399 2219 ut
411 2180 483 2220 vere
502 2160 618 2220 dietum
632 2161 788 2222 videatur:
808 2161 864 2223 tat
877 2163 979 2242 orique
998 2183 1090 2224 morea

146 2239 186 2301 25
200 2241 321 2320 fiaqoat
327 2240 478 2319 fortunam
490 2240 660 2301 luminibus.
701 2241 808 2320 Neque
821 2249 924 2302 tamen
937 2242 1024 2322 prius
1037 2243 1091 2304 ille

200 2321 352 2380 fortunam
367 2341 457 2399 quam
472 2341 503 2380 se
516 2321 579 2400 ipse
592 2320 691 2395 finxit,
705 2322 757 2401 qui
778 2322 868 2395 eavit,
882 2342 922 2382 ne
935 2342 997 2402 qua
1010 2322 1044 2383 in
1058 2343 1091 2384 re

201 2402 271 2481 jure
306 2399 473 2461 laeteretur.

239 2479 273 2540 X
293 2479 318 2540 I.
346 2480 406 2540 His
433 2480 526 2559 igitur
553 2481 642 2542 rebus
665 2482 771 2557 effecit,
792 2494 829 2545 ut
855 2484 899 2546 M.
920 2484 964 2546 Vi
1021 2486 1090 2550 nius

199 2561 349 2639 Agrippa,
363 2561 472 2622 intima
484 2560 693 2624 familiaritate
707 2565 883 2644 conjunctus
904 2507 1089 2629 adolidienti

146 2639 186 2701 30
200 2640 331 2713 Caesari,
345 2661 414 2702 eum
435 2651 558 2721 propter
577 2663 664 2704 suam
684 2644 815 2724 gratiam
836 2654 866 2706 et
880 2644 1017 2707 Caesaris
1037 2669 1090 2727 po

198 2720 326 2781 tentiam
340 2721 455 2781 nullius
468 2722 651 2784 condicionis
671 2744 733 2787 uon
752 2724 878 2786 haberet
898 2735 1089 2805 potestatem,

199 2799 386 2880 potissimum
401 2802 464 2881 ejus
477 2803 622 2881 deligeret
635 2804 821 2879 affinitatem,
835 2815 1092 2887 praeoptaretque

199 2880 307 2959 equitis
322 2881 453 2941 Romani
474 2882 568 2942 filiam
589 2903 799 2962 generosarum
817 2886 940 2964 nuptiis.
982 2887 1089 2968 Atque

198 2960 307 3020 harum
336 2962 511 3040 nuptiarum
540 2964 716 3025 conciliator
742 2964 801 3025 fuit
830 2971 905 3044 (nou
933 2975 978 3027 est
1005 2969 1087 3029 enim
1137 3014 1138 3031 .

145 3039 184 3100 35
198 3040 373 3132 celandum.)
393 3041 437 3100 M.
452 3041 613 3115 Antonius,
628 3044 771 3106 triumvir
792 3046 836 3106 rei
857 3045 1015 3125 publicae:
1037 3069 1086 3109 cu·
1137 3060 1138 3119 ἶ

201 3123 252 3198 jus
285 3130 384 3197 gratia
418 3140 487 3179 eum
521 3141 631 3199 augere
660 3124 855 3203 possessiones
882 3135 981 3204 posset
1007 3148 1085 3202 suas,
1137 3126 1138 3141 ¹

196 3206 316 3257 tantum
330 3198 429 3258 abfuit
449 3219 468 3257 a
488 3201 654 3278 cupiditate
674 3205 828 3281 pecuniae,
842 3214 877 3266 ut
890 3206 978 3267 nulla
999 3207 1032 3268 iu
1053 3230 1085 3270 re

196 3296 267 3335 usus
280 3276 319 3334 sit
332 3296 376 3346 ea,
390 3277 448 3336 nisi
462 3278 494 3336 in
509 3280 704 3357 depreeandis
721 3285 886 3346 amicorum
901 3296 956 3346 aut
969 3288 1085 3366 perieu-

195 3353 233 3412 lis
255 3362 310 3412 aut
332 3354 536 3417 incommodis.
578 3359 669 3433 Quod
691 3363 813 3440 quidem
841 3365 897 3427 sub
924 3367 992 3446 ipsa
1019 3389 1086 3449 pro·
