2346 3704
319 180 323 187 ⁴
416 172 631 221 aurnuns
979 155 1022 220 at

75 331 250 412 pientisque
263 331 346 393 vitae
363 352 432 391 cum
446 331 591 410 pleraque
604 330 750 410 possimus
764 328 897 409 prolerre
913 338 968 390 tes

75 413 217 485 timonia,
232 433 293 472 uno
312 412 423 471 erimus
445 411 586 483 contenti,
602 411 682 489 quod
696 431 735 470 ex
749 430 783 470 eo
797 410 886 470 facile
900 431 967 470 con-

76 492 135 573 jici
159 493 278 571 poterit,
300 512 392 570 quam
413 512 501 551 carus
520 492 582 550 suis
602 491 702 550 fuerit.
730 490 822 550 ‘Cum
837 489 967 550 Athenis

76 571 323 633 adolescentulus
338 592 460 631 causam
474 571 595 643 diceret,
609 591 670 630 non
688 570 786 630 solum
804 571 895 631 amici
908 571 967 649 pri-

76 654 207 731 vatique
220 652 352 730 hospites
370 652 410 711 ad
429 672 498 710 eum
517 650 738 710 defendendum
753 661 967 724 convenerunt,
1001 651 1022 710 5

75 733 132 793 sed
147 733 240 793 etiam
254 732 287 790 in
300 731 342 792 eis
356 731 460 804 Jason,
475 740 624 810 tyrannus
645 729 825 803 Thessaliae,
840 731 892 809 qui
913 731 967 790 illo

77 821 217 891 tempore
240 812 300 871 fuit
324 811 459 870 omnium
483 811 714 889 potentissimus
755 810 818 871 Hic
842 832 911 870 curn
935 810 967 869 in

77 893 183 970 patria
206 893 270 952 sine
293 890 474 952 satellitibus
497 911 529 950 se
552 900 654 950 tutum
676 911 736 950 non
759 890 967 963 arbitraretur,

77 972 221 1032 Athenas
239 972 304 1032 sine
317 971 381 1031 ullo
395 971 544 1050 praesidio
557 971 643 1032 venit
662 971 800 1050 tantique
819 970 968 1049 hospitem

78 1053 162 1125 fecit,
177 1062 213 1112 ut
229 1051 336 1111 mallet
354 1071 385 1111 se
403 1051 510 1129 capitis
524 1051 694 1129 periculum
708 1051 801 1123 adire,
815 1071 907 1129 quam
921 1049 968 1109 Ti·
983 1050 1022 1111 10

77 1134 203 1193 motheo
224 1133 262 1191 de
281 1132 364 1191 fama
384 1131 541 1191 dimicanti
562 1132 669 1192 deesse.
711 1130 805 1190 Hune
825 1131 969 1192 adversus

78 1221 184 1272 tamen
199 1211 375 1272 Timotheus
388 1220 491 1290 postea
504 1211 610 1291 populi
626 1212 713 1291 jussu
733 1211 848 1270 bellum
868 1211 966 1291 gessit,

121 1293 259 1370 triaeque
279 1292 429 1351 sanctiora
445 1293 517 1370 jura
538 1312 630 1370 quam
648 1291 772 1369 hospitii
790 1312 851 1352 esse
869 1292 966 1352 duxit.

79 1313 169 1434 llaec
183 1381 321 1435 extrema
331 1372 390 1432 fuit
403 1381 486 1432 aetas
500 1371 716 1450 imperatorum
726 1370 967 1445 Atheniensium,

79 1451 256 1532 Iphicratis,
274 1452 433 1525 Chabriae,
451 1450 619 1524 Timothei3
640 1472 737 1531 neque
757 1460 825 1530 post
844 1453 968 1513 illorum
982 1453 1021 1513 15

52 1544 57 1553 '
79 1533 200 1594 obitum
222 1533 381 1612 quisquam
402 1533 467 1592 dux
487 1533 520 1590 in
541 1532 597 1591 illa
614 1531 689 1591 urbe
705 1531 764 1591 fuit
782 1532 891 1611 dignus
909 1553 969 1592 rne-

79 1615 186 1674 moria.
229 1613 329 1674 Venio
348 1633 429 1672 nune
448 1612 488 1671 ad
506 1612 701 1673 fortissimum
714 1612 816 1673 virum
830 1613 969 1672 maximi-

80 1715 140 1833 gue
165 1693 285 1753 consilii
309 1693 444 1752 omnium
468 1691 677 1765 barbarorum,
697 1692 831 1771 exceptis
851 1692 969 1752 duobus

106 1772 392 1852 arthaginiensibus,
420 1771 598 1832 Hamilcare
624 1781 655 1832 et
682 1772 867 1832 Hannibale.
920 1771 968 1831 De

80 1874 140 1932 quo
165 1854 224 1915 hoe
248 1852 339 1932 plura
363 1852 532 1925 referemus,
550 1853 631 1931 quod
652 1861 682 1912 et
702 1852 875 1911 obscuriora
898 1860 969 1911 sunt
983 1851 1023 1911 20

80 1936 144 2013 ejus
158 1943 244 2012 gesta
255 1932 411 2011 pleraque,
421 1940 452 1992 et
466 1953 510 2004 ea,
521 1953 599 2010 quae
612 1951 753 2010 prospere
766 1931 794 1991 ei
808 1940 968 2004 cesserunt,

80 2034 143 2074 non
167 2011 379 2090 magnitudine
403 2011 568 2089 copiarum,
591 2012 643 2072 sed
668 2010 793 2084 consilii,
818 2020 969 2090 quotum

81 2114 184 2154 omnes
198 2091 371 2170 superabat,
385 2091 578 2166 acciderimt3
598 2111 727 2171 quorum
746 2091 804 2152 nisi
822 2092 901 2153 ratio
920 2112 970 2152 ex·

81 2174 197 2252 plicata
210 2172 314 2249 fuerit,
326 2193 374 2236 res
387 2192 537 2253 apparere
546 2193 609 2233 non
622 2179 773 2253 poterunt.
822 2216 825 2219 -
847 2230 851 2235 .

382 2428 640 2440 ...ψ-ι.-

311 2615 428 2689 XIV.
459 2615 740 2690 altinus,

425 2779 638 2820 -οοᾲοςοο-σ-

122 2885 148 2949 Ι.
171 2886 344 2960 Daremma,
355 2895 445 2965 rpatre
459 2884 620 2959 Camisare,
634 2885 757 2947 natione
773 2885 859 2962 Care,
873 2899 970 2953 matre
985 2891 1024 2954 25

82 2966 239 3048 Scythissa
249 2975 348 3038 natus,
357 2967 489 3044 primum
499 2966 531 3026 in
539 2967 672 3026 militum
683 2988 808 3028 numero
818 2969 877 3029 fuit
888 2973 970 3050 apud

81 3048 292 3108 Artaxerxem
315 3066 426 3118 eorum,
450 3046 503 3124 qui
527 3048 640 3125 regiam
665 3047 837 3108 tuebantur.
879 3050 972 3112 Pater

81 3130 146 3208 ejus
160 3127 338 3197 Camisares,
349 3125 429 3204 quod
444 3135 474 3186 et
488 3147 580 3185 manu
595 3127 680 3186 fortis
694 3136 724 3187 et
738 3127 818 3188 bello
831 3139 970 3189 strenuus

82 3217 112 3268 et
126 3208 192 3286 regi
208 3205 314 3266 multis
333 3204 405 3264 locis
423 3205 520 3265 fidelis
540 3215 605 3265 erat
623 3216 767 3284 repertus,
782 3207 890 3266 habuit
904 3229 970 3286 pro·

82 3288 217 3350 vinciam
260 3294 356 3345 artem
377 3284 502 3345 Ciliciae
517 3286 610 3363 juxta
630 3286 863 3361 Cappadociam,
878 3306 969 3361 quam
985 3286 1024 3344 30

81 3368 222 3429 incolunt
288 3365 415 3444 ucosyri.
457 3364 602 3422 Datames
623 3363 754 3420 militare
774 3380 884 3419 munus
904 3362 971 3419 fun·
