2346 3704
410 156 667 204 Panormus.
994 138 1033 207 71

93 317 177 386 turn,
195 321 337 392 perpetuo
361 312 461 373 alieno
484 313 619 392 paruisse
638 311 680 372 im
703 312 782 385 erio;
809 320 917 374 contra
935 332 981 387 ea,

94 411 192 470 quam
213 393 265 453 diu
286 392 340 453 ille
361 392 526 472 praefuerit
547 392 591 452 rei
634 333 762 467 ublicae,
779 401 873 472 caput
890 391 982 453 fuisse

67 508 72 514 ·
93 473 190 531 totius
204 471 356 533 Graeciae.
398 473 450 532 Ex
470 493 530 552 quo
549 413 681 551 inteiligi
700 481 807 552 potest,
821 493 918 535 unum
930 472 982 535 ho-

91 551 210 611 minem
222 550 319 632 pluris
333 573 425 633 quam
440 552 594 614 civitatem
608 551 708 614 fuisse.

288 990 407 1064 XVI.
439 989 791 1065 PELOPIDAS.

435 1153 649 1197 -οοὲοέοω-

134 1274 159 1337 L
181 1274 372 1336 Panormus
395 1274 566 1347 Thebanus,
589 1274 687 1353 magis
712 1273 862 1338 historicis
889 1295 981 1356 quam
1015 1278 1035 1338 5

86 1355 187 1434 vulgo
207 1364 306 1416 notus.
335 1355 441 1435 'Cujus
463 1356 502 1416 de
524 1354 690 1416 virtutibus
711 1355 818 1416 dubito
840 1358 982 1436 quemad-

87 1436 219 1496 modum
241 1456 401 1515 exponam,
423 1435 505 1514 quod
517 1455 632 1507 vereor,
649 1435 676 1495 si
696 1456 744 1496 res
763 1436 917 1515 explicare
937 1437 981 1497 in·

88 1516 216 1596 cipiam,
237 1536 279 1583 ne
298 1536 360 1575 non
381 1516 479 1577 vitam
499 1516 563 1594 ejus
585 1534 736 1589 enarrare,
752 1516 805 1576 sed
824 1515 982 1577 historiam

87 1597 201 1660 videar
212 1594 362 1668 scribere3
382 1596 408 1655 si
421 1594 632 1655 tantummodo
645 1615 778 1656 summas
792 1596 929 1688 attigero,
943 1617 982 1661 na

87 1676 222 1741 rudibus
244 1675 431 1736 Graecarum
452 1674 625 1735 litterarum
648 1675 749 1735 minus
770 1676 904 1736 diluc1de
931 1697 982 1755 ap
996 1680 1035 1740 10

87 1765 209 1839 pareat,
223 1765 355 1836 quantus
376 1754 470 1817 firerit
490 1754 544 1815 ille
564 1755 625 1816 virt
662 1753 772 1835 Itaque
793 1756 914 1834 utrique
937 1757 981 1816 rei

87 1857 261 1909 occurram,
271 1845 421 1916 quantum
430 1844 566 1914 potuero,
576 1843 607 1895 et
616 1835 758 1896 medebor
768 1855 839 1895 cum
849 1835 982 1897 satietati

86 1926 161 1980 tum
192 1916 381 1995 ignorantiae
413 1915 570 1976 lectorum.
612 1910 805 1988 ”Phoebidas
832 1914 982 1976 Lacedae-

87 1996 224 2070 monins,
243 2017 314 2056 cum
334 1997 503 2056 exercitum
526 1996 700 2075 Olynthum
722 1994 844 2054 duceret
866 1996 982 2075 iterque

87 2098 149 2158 per
177 2075 295 2137 Thebas
321 2076 443 2150 faceret,
470 2068 587 2149 arcem¹
601 2075 716 2154 oppidi,
744 2096 821 2153 quae
849 2074 982 2136 Cadmea
996 2080 1035 2140 15

88 2157 280 2231 nominatur,
299 2156 462 2235 occupavit
483 2156 617 2234 impulsu
640 2175 806 2236 paucorum
827 2154 982 2217 Thebano

88 2258 174 2310 rum,
188 2236 251 2315 qui,
263 2237 455 2298 adversariae
464 2236 591 2297 factioni
602 2257 661 2315 quo
673 2236 793 2296 facilius
803 2236 982 2311 resisterent,

89 2319 255 2381 laconum
277 2317 367 2378 rebus
390 2317 571 2390 studebant3
592 2317 683 2397 idque
703 2337 757 2377 suo
777 2317 906 2396 privato,
920 2338 982 2379 non

90 2397 220 2480 publico
233 2397 304 2458 fecit
317 2397 466 2459 consiliol
492 2397 564 2476 Quo
578 2398 659 2458 facto
669 2401 739 2459 e'um
749 2397 982 2458 Lacedaemonii

90 2479 134 2542 ab
145 2477 279 2539 exercitu
290 2487 483 2540 removerunt
492 2479 680 2558 pecuniaque
688 2478 871 2550 multarunt3
885 2498 982 2558 neque
996 2479 1035 2541 20

92 2581 131 2622 eo
145 2560 241 2652 magis
254 2579 354 2620 arcem
365 2559 517 2620 Thebanis
531 2560 736 2632 reddiderunt,
747 2558 828 2637 quod
838 2559 982 2637 susceptis

93 2639 262 2701 inimicitiis
275 2640 369 2700 satius
382 2638 534 2700 ducebant
544 2660 593 2700 eos
604 2640 733 2700 obsideri
744 2659 836 2718 quam
849 2638 981 2699 liberari.

95 2721 180 2781 Nam
206 2728 274 2799 post
300 2719 552 2799 Peloponnesium
575 2719 690 2780 bellum
714 2718 910 2798 Athenasque
934 2720 982 2779 de·

96 2802 194 2865 victas
214 2821 283 2860 cum
297 2800 449 2860 Thebanis
470 2799 528 2860 sibi
547 2821 612 2871 rem
634 2820 695 2859 esse
715 2799 938 2872 existimabant,
952 2808 982 2860 et

97 2899 148 2943 eos
161 2900 223 2941 esse
234 2880 322 2954 solua,
335 2881 387 2959 qui
403 2880 546 2941 adversus
566 2880 702 2941 resistere
715 2880 870 2940 auderent.
911 2879 982 2939 Hac
997 2881 1036 2940 25

97 2968 199 3022 mente
217 2960 321 3019 amicis
340 2960 402 3019 suis
422 2980 554 3020 summas
568 2967 728 3039 potestates
742 2960 897 3033 dederant,
911 2958 983 3019 alte

99 3042 220 3119 riusque
232 3039 371 3100 factionis
384 3039 534 3119 principes
548 3039 660 3118 partim
674 3039 894 3111 interfecerant,
908 3038 984 3099 alios

99 3121 133 3183 in
154 3119 296 3180 exsilium
318 3120 483 3197 ejecerant;
504 3115 536 3178 h
559 3119 668 3199 quibus
692 3118 853 3198 Pelopidas
872 3117 931 3189 hic,
946 3118 984 3179 de

99 3220 160 3283 quo
173 3199 302 3260 scribere
314 3199 414 3259 exorsi
426 3219 538 3271 sumus,
552 3199 657 3277 pulsus
671 3200 771 3278 patria
785 3196 917 3258 carebat

140 3279 183 3340 IL
204 3278 250 3339 Hi
274 3299 377 3340 omnes
401 3278 463 3339 fere
486 3277 624 3339 Athenas
647 3298 679 3338 se
702 3277 902 3345 contulerant,
922 3293 985 3333 non
998 3274 1038 3332 30

99 3381 160 3445 quo
178 3368 374 3441 sequerentur
387 3359 493 3432 otium,
506 3358 567 3433 sed,
582 3365 617 3418 ut
630 3373 779 3436 quemque
792 3374 831 3414 ex
843 3351 984 3430 proximo
