2346 3704
490 101 603 152 01011.
793 124 797 131 ,
994 89 1038 154 47

91 254 291 336 Dionysium,
306 264 342 319 ut
364 255 522 319 Platonem
536 259 668 321 Athenis
691 268 851 323 arcesseret
871 268 902 323 et
921 260 985 341 ejus

91 338 229 397 consiliis
248 347 393 411 uteretur,
407 337 469 412 1110,
483 339 536 418 qui
549 340 582 398 in
595 341 700 420 aliqua
714 362 746 401 re
760 342 853 402 vellet
867 351 985 421 patrem

90 415 220 490 imitari,
242 438 357 478 morem
377 418 405 478 ei
446 420 523 479 essit
564 419 740 499 Eodemque
760 430 894 500 tempore
914 421 984 482 Phi·

90 494 210 571 listum,
221 497 408 572 historicum,
422 440 586 578 §yracusas
600 500 730 573 reduxit,
744 502 896 561 hominem
910 503 984 562 ami·

91 597 164 636 cum
178 598 243 637 non
257 578 353 656 magis
367 587 497 657 tyranno
511 600 603 658 quam
617 581 762 659 tyrannis.
804 580 863 641 Sed
875 582 914 642 de
927 582 985 643 hoc
1019 583 1038 643 5

90 657 126 715 in
141 677 177 717 00
193 678 260 717 meo
275 657 353 717 libro
366 659 458 737 plura
473 669 544 718 sunt
558 660 703 738 exposita,
717 661 771 739 qui
784 661 822 721 de
835 661 984 722 historicis

91 735 223 797 Graecis
237 737 421 817 conscriptus
435 748 487 798 est.
529 738 619 799 Plato
639 748 740 799 autem
761 750 881 801 tantum
901 742 984 821 apud

91 815 281 896 Dionysium
301 818 481 878 auctoritate
501 820 600 912 potuit
621 821 779 900 valuitque
802 821 983 901 eloquentia,

90 904 131 955 ut
144 896 174 977 01
188 898 369 975 persuaserit
386 899 557 977 tyrannidis
577 900 675 960 faeere
693 901 784 961 finem
802 901 985 961 libertatem·

91 996 155 1055 que
178 977 303 1037 reddere
324 977 538 1057 Syracusanis3
559 999 578 1040 a
600 1000 661 1058 qua
682 981 840 1043 voluntate
862 980 984 1042 Philisti
998 982 1037 1043 10

92 1056 223 1117 consilio
238 1058 397 1118 deterritus
411 1059 567 1137 aliquanto
582 1061 733 1120 crudelior
746 1079 808 1120 osse
822 1061 928 1140 coepit.

135 1135 197 1198 IV.
220 1137 283 1213 Qui
296 1137 420 1217 quidem
432 1159 502 1199 oum
515 1160 535 1199 a
548 1139 648 1200 Dione
667 1161 699 1200 se
718 1141 855 1220 superari
868 1141 984 1202 videret

91 1217 229 1296 ingenio,
242 1219 430 1292 auctoritate,
445 1240 547 1280 amore
560 1220 674 1300 populi,
688 1241 794 1282 verens
815 1242 861 1295 ne,
875 1221 901 1281 si
914 1242 983 1282 eum

91 1318 199 1358 secum
219 1298 352 1373 haberet,
366 1299 502 1379 aliquam
522 1301 707 1361 occasionem
722 1302 770 1361 sui
783 1302 869 1362 daret
883 1302 982 1381 oppri-

91 1370 209 1452 mendi,
233 1399 342 1442 navem
370 1380 399 1440 ei
425 1381 579 1441 triremem
602 1381 694 1454 dedit,
718 1402 778 1460 qua
801 1381 982 1442 Corinthum
997 1383 1036 1442 15

92 1457 312 1532 deveheretur3
333 1461 500 1535 ostendens,
510 1481 542 1522 se
555 1461 588 1521 id
601 1462 757 1540 utriusque
770 1462 868 1522 facere
883 1481 982 1535 causa,

91 1559 144 1611 110,
169 1559 237 1598 cum
258 1541 338 1600 inter
358 1562 390 1601 se
412 1542 561 1613 timerent,
583 1542 728 1602 alteruter
748 1543 878 1603 alterum
898 1561 982 1620 prae·

93 1629 266 1698 occuparet.
321 1620 360 1680 Id
387 1642 457 1681 cum
484 1622 599 1689 factum
629 1622 720 1682 multi
750 1621 981 1700 indignarentur

92 1720 284 1779 magnaeque
297 1711 373 1762 esset
386 1702 519 1762 invidiae
533 1711 672 1781 tyranno,
687 1702 851 1781 Dionysius
871 1702 981 1774 omnia,

93 1800 176 1859 quae
196 1781 310 1842 moveri
329 1791 471 1862 poterant
491 1782 607 1855 Dionis,
624 1782 657 1841 in
673 1802 765 1843 naves
783 1780 927 1859 imposuit
942 1781 1036 1845 01120

92 1880 226 1940 eumque
246 1860 335 1922 misit.
377 1862 428 1922 Sic
449 1863 529 1922 enim
555 1861 722 1922 existimari
743 1861 873 1933 volebat,
895 1860 927 1919 id
951 1881 983 1920 se

93 1961 159 2000 non
186 1941 254 2002 odio
280 1941 420 2016 hominis,
444 1943 496 2002 sed
522 1962 594 2002 suae
620 1942 727 2001 salutis
753 1940 856 2000 fecisse
883 1959 981 2001 causa.

9 2062 11 2069 ›
94 2019 207 2081 Postea
219 2042 291 2084 vero
312 2042 404 2101 quam
424 2022 544 2083 audivit
562 2042 632 2082 eum
650 2022 683 2080 in
702 2020 907 2099 Peloponneso
921 2040 983 2080 ma

94 2122 172 2161 num
186 2123 360 2181 comparare
373 2102 489 2182 sibique
502 2102 618 2162 bellum
628 2101 726 2161 facere
736 2100 847 2173 conari,
857 2099 982 2174 Areten,

94 2182 207 2243 Dionis
225 2203 360 2256 uxorem,
374 2182 429 2243 alii
442 2191 573 2261 nuptum
587 2182 679 2255 dedit,
693 2181 849 2259 filiumque
863 2181 982 2260 0100010
996 2183 1036 2244 25

93 2263 220 2324 educari
236 2263 335 2343 jussit,
348 2272 385 2323 ut
404 2263 590 2341 indulgendo
604 2261 783 2341 turpissimis
796 2261 983 2321 imbueretur

93 2344 322 2422 cupiditatibus.
363 2342 447 2404 Nam
466 2363 569 2422 puero,
585 2342 761 2422 priusquam
781 2341 875 2421 pubes
896 2350 980 2414 esset,

93 2433 196 2486 scorta
209 2423 448 2498 adducebantur,
462 2423 534 2484 vino
553 2423 709 2501 epulisque
727 2421 919 2494 obruebatur,
933 2442 983 2482 ne·

92 2526 156 2586 que
169 2504 268 2564 ullum
282 2514 401 2583 tempus
414 2503 513 2564 sobrio
527 2502 761 2581 relinquebatur.
803 2501 834 2561 Is
844 2522 938 2582 usque
948 2522 982 2562 00

92 2586 180 2648 vitae
193 2593 306 2644 statum
317 2593 536 2645 commutatum
546 2583 624 2642 ferre
634 2602 695 2642 non
705 2582 813 2661 potuit,
824 2590 982 2661 postquam
996 2584 1037 2646 30

94 2667 130 2727 in
144 2666 276 2744 patriam
290 2666 380 2725 rediit
392 2674 480 2744 pater
498 2663 643 2742 (namque
664 2663 793 2803 qppositi
813 2670 901 2722 010111
920 2682 983 2722 cus·
1071 2714 1074 2723 ,

93 2746 191 2819 tudes,
205 2746 259 2824 qui
272 2766 341 2805 eum
355 2765 374 2805 a
387 2745 514 2825 pristino
528 2744 613 2806 victu
633 2743 671 2803 de
693 2747 840 2820 ucerent),
854 2751 889 2802 ut
902 2763 933 2802 se
946 2743 984 2802 de

94 2826 251 2904 superiore
264 2835 351 2905 parte
369 2826 491 2886 aedium
508 2824 650 2904 dejecerit
665 2834 756 2902 atque
769 2823 813 2882 ita
827 2823 982 2883 interierit.

95 2905 159 2968 Sed
172 2906 246 2966 illuc
260 2914 401 2967 revertor.
1016 2937 1019 2943 »

139 2985 180 3048 V.
202 2985 366 3065 Postquam
381 2984 561 3046 Corinthum
575 2985 714 3063 pervenit
732 2984 815 3043 Dion
834 2991 864 3043 et
880 2982 985 3042 eodem
999 2983 1018 3043 3

96 3065 234 3148 perfugit
246 3065 434 3139 Heraclides,
444 3066 484 3125 ab
498 3065 603 3125 eodem
613 3065 757 3143 expulsus
767 3063 923 3141 Dionysio,
933 3061 986 3140 qui

96 3146 269 3228 praefectus
282 3145 382 3213 fuerat
395 3146 541 3225 equitum,
552 3145 635 3204 omni
649 3144 766 3203 ratione
779 3142 894 3202 bellum
909 3160 986 3200 corn-

96 3246 209 3309 parare
233 3222 403 3304 coeperunt,
445 3225 504 3285 Sed
531 3245 593 3283 non
621 3223 753 3282 multum
780 3219 986 3298 proficiebant,

98 3305 183 3387 quod
196 3306 363 3366 multorum
377 3324 527 3370 armorum
545 3301 684 3381 tyrannis
701 3315 881 3375 magnarum
895 3314 987 3370 opum
