2288 3698
311 178 315 183 ·
365 177 610 226 nannraar..
942 162 984 229 97

87 333 146 397 111.
166 334 268 396 Rebus
281 333 329 394 his
343 353 382 395 ex
395 335 543 395 sententia
556 334 694 427 peractis,
709 333 813 396 fidenti
829 333 931 398 animo

50 422 137 494 atque
149 416 254 476 infesto
270 415 425 487 Romanis,
439 434 499 494 quo
512 415 632 474 facilius
652 435 773 476 causam
794 415 930 477 bellandi

50 496 196 573 reperiret,
209 495 316 568 effecit,
330 503 366 555 ut
378 495 542 573 imperator
562 515 632 554 cum
652 496 787 555 exercitu
807 496 839 555 in
860 496 930 556 His-

49 574 168 713 puniam
181 575 360 647 mitteretur,
374 594 468 653 eoque
481 595 582 635 secum
596 574 686 634 duxit
699 574 797 635 filium
811 575 930 636 Hanni·

69 675 87 713 a

88 653 146 715 lem
172 675 321 715 annorum
348 674 465 715 novem.
516 654 594 714 Erat
643 663 775 716 raeterea
803 675 872 715 cum
896 676 931 717 eo
964 654 984 716 5

49 734 216 795 adolescens
228 734 364 807 illustris,
377 733 533 807 formosus,
652 733 735 807 ubal,
769 755 838 795 uem
858 756 931 796 non-

49 814 127 873 nulli
146 815 231 894 diligi
253 823 288 875 tu
326 814 494 893 inaquam
517 823 669 894 parerat,
691 814 731 874 ab
807 815 932 876 milcare

49 892 253 973 loquebantur.
327 913 366 955 on
387 893 467 954 enim
487 893 628 954 maledici
648 902 733 955 tanto
747 895 813 955 viro
833 895 932 955 deesse

49 983 190 1113 §iterant
233 974 305 1051 Quo
328 974 442 1034 factum
467 983 519 1046 est,
540 982 575 1033 ut
598 996 618 1034 a
641 973 791 1055 praefecto
813 994 930 1034 morum

84 1054 222 1115 asdrubal
245 1075 314 1115 cum
336 1073 371 1115 eo
384 1062 538 1115 vetaretur
559 1074 629 1114 esse.
670 1053 755 1115 Huic
771 1054 824 1115 ille
837 1053 931 1115 filiam
947 1056 986 1118 10

49 1153 132 1194 suam
154 1135 186 1195 in
207 1130 435 1195 matrimonium
455 1134 547 1208 dedit,
568 1133 648 1213 quod
673 1134 806 1196 moribus
829 1155 932 1196 eorum

49 1234 108 1275 non
130 1224 248 1296 poterat
270 1214 409 1275 interdici
431 1233 531 1276 socero
554 1233 671 1293 genero.
713 1213 762 1275 De
785 1216 842 1276 hoo
865 1215 932 1277 ideo

50 1296 226 1355 mentionem
237 1295 370 1368 fecimus,
381 1294 471 1374 quod,
481 1293 660 1356 Hamilcare
669 1295 774 1369 occiso,
784 1295 838 1356 ille
850 1316 933 1357 exer-

51 1374 121 1435 citui
133 1375 273 1456 praefuit,
283 1395 388 1455 resque
401 1394 526 1455 magnos
539 1374 638 1454 gessit,
648 1383 679 1436 et
713 1376 830 1456 rinceps
843 1376 932 1457 largi-

51 1454 128 1516 tione
153 1465 287 1518 retustos
319 1455 465 1534 pervertit
496 1474 592 1515 mores
619 1396 931 1535 Cartbaginiensinm
946 1466 984 1527 15

51 1535 237 1616 ejusdemque
250 1543 458 1616 postmortem
473 1533 633 1595 Hannibal
647 1535 686 1597 ab
700 1536 837 1598 exercitu
850 1557 932 1598 acce

51 1616 96 1694 pit
107 1616 275 1697 imperium.

90 1695 144 1757 IV.
171 1697 217 1758 At
240 1700 411 1773 Hamilcar,
432 1708 627 1780 posteaquam
651 1717 735 1760 mare
758 1699 879 1761 transiit
899 1699 931 1758 in

51 1775 289 1861 Hispaniamque
301 1781 394 1854 venit,
408 1800 533 1859 magnas
554 1800 600 1840 res
620 1780 752 1841 secunda
771 1778 862 1859 gessit
874 1778 932 1839 for-

51 1866 138 1921 tuna:
159 1862 315 1922 maximas
342 1860 640 1940 bellicosissimasque
666 1868 769 1938 gentes
796 1858 931 1938 subegit;
946 1864 985 1926 20

50 1941 139 2019 equis,
152 1941 253 2014 armis,
267 1941 350 2014 viris,
366 1941 495 2020 pecunia
515 1948 610 2001 totam
631 1938 830 2016 locupletavit
850 1938 932 1997 Afri·

51 2039 123 2081 cam.
163 2021 227 2082 Hic
240 2042 310 2083 cum
330 2021 362 2080 iu
383 2019 507 2080 Italiam
522 2019 638 2079 bellum
652 2018 763 2078 inferre
776 2017 932 2078 meditare

50 2108 107 2175 tur,
124 2122 202 2162 nono
223 2122 303 2162 anno
323 2108 481 2180 postquam
502 2100 534 2158 in
555 2098 739 2177 Hispaniam
753 2106 886 2170 venerat,
899 2098 932 2157 in

51 2182 160 2259 proelio
174 2201 314 2261 pugnans
327 2180 471 2241 adversus
484 2178 631 2240 Vettones
644 2178 758 2238 occisus
771 2186 823 2238 est.
866 2177 932 2238 Hu-

54 2261 103 2339 jus
122 2270 300 2340 perpetuum
321 2260 425 2321 odium
438 2279 510 2338 erga
525 2259 677 2319 Romanos
691 2258 824 2318 maxime
837 2259 933 2320 conci·
946 2266 985 2326 25

50 2347 124 2402 tasse
137 2341 259 2402 videtur
272 2340 436 2401 secundum
449 2338 565 2399 bellum
579 2338 751 2399 Poenicum.
792 2338 933 2418 Namque

51 2417 216 2494 Hannibal,
229 2420 310 2480 filius
332 2420 403 2499 ejus,
422 2419 548 2479 assiduis
570 2420 665 2498 patris
685 2419 934 2481 obtestationibus

51 2519 83 2560 eo
109 2509 152 2561 est
178 2498 350 2580 perductus,
370 2507 406 2560 ut
432 2499 554 2559 interire
578 2519 670 2579 quam
693 2498 846 2561 Romanos
872 2519 934 2560 non

52 2582 179 2662 experiri
192 2579 307 2641 mallet

222 2945 401 3020 XXIII.
436 2944 760 3019 HANNIBAL.

389 3105 602 3147 -οοῗοζοω-

88 3231 112 3292 1.
129 3198 332 3322 an,
352 3225 539 3289 Hamilcaris
558 3226 648 3297 nius,
669 3225 784 3287 maha
805 3223 812 3237 ·
838 3200 988 3313 antaeo

53 3309 82 3373 Si
91 3316 260 3379 verum'est,
269 3308 349 3386 quod
358 3327 445 3367 nemo
454 3304 583 3376 dubitat,
593 3312 627 3362 ut
637 3304 767 3392 populus
801 3314 935 3389 ,omanus

54 3386 395 3528 omnesfifflllssollrtuoe
414 3383 572 3462 superarit,
586 3400 647 3440 nou
668 3388 712 3438 est
732 3370 934 3473 mfitrpudum,
