2346 3704
412 127 625 175 narrans.
973 110 1019 174 88

68 289 234 370 plerasque
252 286 373 349 vitarit
419 284 512 358 Sicut,
533 304 604 343 cum
626 282 655 343 ei
678 282 853 344 nuntiatum
879 289 963 355 esset,

69 369 221 449 quosdam
241 366 300 428 sibi
321 365 466 438 insidiari,
488 364 541 444 qui
565 365 597 423 in
620 363 786 425 amicorum
804 371 892 424 erant
909 383 964 423 nu·

68 470 158 509 mero
173 448 225 521 (de
239 447 358 526 quibus,
372 446 453 525 quod
467 445 582 504 inimici
596 444 780 516 detulerunt,
791 464 890 524 neque
903 463 964 505 cre·

69 529 209 589 dendum
223 547 321 605 neque
331 525 545 618 negligendum
555 523 703 603 putavit),
714 525 846 604 experiri
856 524 963 596 voluit,

68 629 182 671 verum
203 607 353 667 falsumne
372 606 430 665 sibi
451 613 526 665 esset
545 604 685 665 relatum.
726 603 835 684 Itaque
848 625 883 666 eo
897 623 964 684 pro-
998 603 1018 664 5

69 689 171 749 fectus
190 697 244 760 est,
265 686 297 746 in
318 706 378 765 quo
399 686 506 745 itinere
527 684 646 745 futuras
668 685 792 746 insidias
812 685 963 745 dixerunt

68 768 135 829 Sed
155 767 248 846 elegit
267 786 390 844 corpore
410 774 441 826 et
460 774 577 825 statura
597 764 787 826 simillimum
807 765 862 838 sui,
876 766 964 844 eique

69 848 219 910 vestitum
232 867 320 907 suum
335 846 419 907 dedit
432 854 523 924 atque
536 865 572 906 eo
585 843 652 905 loco
665 844 718 918 ire,
732 865 793 925 quo
813 845 876 924 ipse
896 865 964 907 com

70 935 224 1000 sueverat,
233 927 331 1006 jussit
356 925 443 1005 ,Ipse
456 934 559 986 autem
571 933 681 986 ornatu
696 925 867 1004 vestituque
886 924 964 985 mili·

70 1008 135 1068 tari
148 1008 228 1067 inter
242 1008 375 1086 corporis
388 1006 524 1067 custodes
537 1006 596 1066 iter
609 1005 708 1067 facere
717 1006 823 1085 coepit.
864 1002 910 1066 At
920 1006 964 1066 in·
978 1003 1018 1066 10

70 1088 241 1160 sidiatores,
255 1096 415 1166 postquam
432 1086 466 1146 in
483 1106 553 1146 eum
571 1086 673 1147 locum
693 1105 802 1179 agmen
815 1085 964 1165 pervenit,

71 1168 195 1247 decepti
205 1167 311 1228 ordine
320 1176 412 1246 atque
421 1166 543 1240 vestitu,
553 1167 701 1246 impetum
715 1187 747 1225 rn
757 1185 826 1226 eum
837 1165 964 1241 faciunt,

72 1247 393 1327 quisupposituserat.
434 1247 634 1309 Praedixerat
642 1256 744 1308 autem
752 1247 799 1307 his
808 1247 963 1323 Datames,

72 1348 145 1388 cum
159 1327 270 1408 quibus
284 1328 341 1388 iter
354 1327 493 1401 faciebat,
504 1336 539 1388 ut
548 1328 648 1406 parati
658 1336 755 1389 essent
764 1328 871 1402 facere,
882 1331 962 1408 quod

71 1408 175 1487 ipsum
196 1406 349 1468 vidissent
391 1408 469 1487 Ipse,
490 1415 525 1468 ut
545 1417 755 1468 concurrentes
775 1409 963 1471 insidiatores
978 1407 1016 1467 15

72 1487 302 1561 animadvertit,
323 1488 385 1549 tela
404 1489 437 1547 in
457 1508 506 1548 eos
525 1488 660 1567 conjecit
701 1488 772 1550 Hoc
791 1489 872 1550 idem
893 1511 962 1550 cum

71 1568 211 1629 universi
234 1567 381 1642 fecissent,
404 1569 582 1648 priusquam
605 1570 805 1648 pervenirent·
822 1571 861 1631 ad
883 1590 962 1645 eum,

71 1668 166 1728 quem
181 1668 200 1708 a
220 1647 306 1727 gredi
319 1647 471 1722 volebant,
486 1649 598 1711 confixi
611 1650 791 1711 ceciderunt

113 1729 158 1789 X.
218 1729 246 1790 ‘c
265 1738 367 1790 tamen
388 1738 451 1790 tam
472 1729 601 1791 callidus
614 1730 663 1791 vir
680 1741 815 1791 extremo
828 1738 963 1810 tempore

72 1819 183 1888 captus
193 1817 238 1869 est
248 1808 445 1882 Mithridatis,
453 1809 668 1871 Ariobarzanis
678 1810 743 1884 filii,
750 1811 828 1873 dolo.
870 1811 962 1871 Nam·
977 1808 1017 1869 20

72 1890 174 1968 queis
188 1888 341 1968 pollicitus
355 1899 399 1950 est
412 1890 485 1969 regi,
498 1910 529 1951 se
549 1911 619 1950 eum
639 1891 877 1963 interfecturum,
891 1892 916 1951 si
935 1892 963 1950 ei

72 1990 130 2029 rex
151 1969 348 2048 permitteret,
368 1978 412 2043 ut,
433 1971 643 2050 quodcumque
663 1971 765 2044 vellet,
786 1970 890 2032 liceret
909 1971 964 2031 im·

72 2069 157 2129 pune
171 2048 279 2121 facere,
292 2049 442 2129 fidemque
455 2050 493 2112 de
506 2071 543 2112 ea
556 2072 597 2124 re,
611 2070 694 2110 more
707 2050 878 2124 Persarum,
891 2050 964 2113 dex·
1035 2061 1038 2067 '

72 2139 141 2190 tera
155 2129 293 2190 dedisset.
335 2129 426 2191 Hanc
437 2138 472 2192 ut
482 2131 598 2210 accepit
611 2151 631 2191 a
641 2151 710 2209 rege
720 2132 851 2205 missam,
862 2131 963 2213 copias

72 2218 167 2289 parat
187 2217 218 2270 et
238 2208 343 2269 absens
363 2210 529 2271 amicitiam
545 2232 613 2272 cum
628 2211 760 2272 Datame
774 2211 864 2285 facit3
884 2233 917 2277 rc
940 2213 963 2275 's
977 2209 1016 2272 25

31 2302 34 2307 ·
71 2289 248 2369 provincias
262 2298 363 2364 vexat,
377 2291 502 2351 castella
518 2300 682 2371 expugnat,
697 2313 822 2373 magnas
835 2314 908 2372 prae
930 2316 963 2356 as

73 2370 168 2448 capit,
183 2389 313 2460 quarum
333 2380 451 2449 partem
471 2371 532 2433 suis
553 2373 700 2511 dispertit,
715 2383 832 2452 partem
847 2374 887 2435 ad
901 2374 963 2435 Da-

72 2460 189 2510 tamem
201 2449 311 2523 mrttit;
325 2450 393 2529 pari
406 2451 495 2511 modo
510 2472 598 2530 comp
611 2472 668 2512 ura
681 2454 806 2516 castella
819 2455 847 2516 ei
860 2456 962 2517 tradit.

72 2530 165 2590 Haec
178 2529 233 2589 diu
246 2529 384 2590 faciendo
398 2531 547 2610 persuasit
565 2532 681 2592 homiui
693 2554 725 2594 se
739 2534 891 2594 infinitum
912 2536 963 2596 ad·

72 2630 180 2673 versus
202 2629 303 2688 regem
326 2611 487 2692 suscepisse
510 2611 634 2687 bellum,
651 2633 720 2672 cum
740 2614 837 2675 nihilo
857 2616 963 2697 magis,
977 2613 1016 2674 30

72 2709 114 2750 ne
128 2709 222 2769 quam
235 2689 434 2769 suspicionem
444 2691 491 2751 illi
502 2692 660 2770 praeberet
669 2694 857 2768 insidiarum,
865 2716 964 2789 neque

73 2769 262 2848 colloquium
283 2771 346 2848 ejus
366 2770 483 2851 petivit,
497 2792 593 2852 neque
607 2772 639 2832 in
654 2782 846 2855 conspectum
859 2794 964 2838 venire

73 2851 202 2911 studuit.
243 2848 293 2910 Sic
306 2849 412 2911 absens
430 2851 596 2914 amicitiam
608 2853 741 2933 gerebat,
754 2863 790 2914 ut
803 2875 863 2914 non
876 2855 964 2917 bene

73 2930 151 2990 ficiis
165 2929 289 3001 mutuis,
299 2929 351 2990 sed
366 2931 518 2992 communi
528 2932 607 3007 odio,
618 2934 699 3013 quod
710 2955 782 3015 erga
791 2955 893 3016 regem
903 2957 964 2999 sus·

75 3030 110 3071 ce
148 3018 228 3084 rant,
243 3010 390 3073 contineri
402 3011 586 3074 viderentur.
978 3013 1017 3072 35

170 3137 178 3150 .
193 3088 232 3150 Id
246 3109 316 3152 oum
328 3090 402 3154 satis
414 3111 448 3153 se
460 3092 649 3154 confirmasse
662 3093 827 3156 arbitratus
840 3102 893 3168 est,
904 3115 964 3156 oer-

75 3170 185 3231 tiorem
199 3169 274 3232 facit
287 3169 459 3245 Datamem,
470 3180 589 3252 tempus
602 3192 666 3232 esse
674 3174 801 3253 majores
814 3174 965 3234 exercitus

75 3250 178 3330 parari
193 3258 224 3309 et
237 3249 353 3310 bellum
367 3271 437 3311 curn
450 3251 515 3329 ipso
528 3272 599 3330 rege
616 3252 693 3316 susci
715 3252 743 3325 i3
764 3253 861 3328 deque
873 3270 910 3310 ea
923 3273 965 3324 re,

74 3330 142 3395 sici
155 3329 320 3410 videretur,
331 3351 391 3414 quo
405 3330 472 3395 loco
484 3330 588 3407 vellet,
598 3331 632 3393 in
644 3273 829 3412 colloquium
838 3328 965 3392 veniret
