2288 3698
351 145 631 196 FRAGMENTA.

73 475 139 550 EX
167 475 317 549 LIBRO
338 476 402 549 DE
424 476 614 549 LATINIS
630 475 909 552 HISTORICIS.

153 665 208 711 EX
231 664 403 712 EPISTOLA
425 665 671 713 GRACOHORUM
693 666 836 714 MATRIS.

388 781 601 822 -ωὲοζοω-

88 868 195 930 Drcnrs
218 866 359 948 pulcmm
383 888 445 928 esse
468 868 604 929 inimicos
631 867 743 929 ulcisci.
785 867 824 929 Id
844 890 940 949 neque

51 951 149 1030 majus
163 968 262 1028 neque
274 948 410 1026 pulcrius
423 948 564 1027 cuiquam
578 958 669 1027 atque
689 967 751 1008 esse
771 949 846 1008 mihi
859 950 941 1012 vide-

51 1036 119 1102 tur3
140 1028 192 1089 sed
206 1029 232 1088 si
246 1027 337 1088 liceat
350 1049 383 1089 re
396 1027 519 1107 publica
540 1028 625 1089 salva
645 1048 682 1088 ea
695 1029 840 1108 persequi.
879 1029 940 1090 Sed

52 1118 201 1187 quatenus
211 1109 243 1168 id
252 1107 317 1168 fieri
328 1128 389 1169 non
403 1117 508 1187 potest,
519 1108 616 1168 multo
631 1117 764 1187 tempore
778 1109 941 1189 multisque

51 1189 190 1267 partibus
204 1188 320 1248 inimici
333 1189 428 1248 nostri
443 1208 503 1249 uon
517 1187 668 1267 peribunt,
682 1197 774 1328 atque
793 1190 840 1248 uti
860 1209 941 1250 nunc
975 1186 994 1244 5

52 1277 132 1341 sunt,
142 1277 233 1410 {nint
246 1268 356 1348 potius,
366 1288 458 1348 quam
473 1288 519 1328 res
529 1267 653 1348 publica
662 1288 718 1348 pro
741 1269 840 1349 igetur
850 1277 941 1350 atque

52 1368 142 1428 perca

323 1478 450 1525 EADEM
473 1478 560 1526 ALIO
582 1479 680 1527 Loco,

92 1582 221 1646 Vannls
234 1583 385 1662 conceptis
398 1582 532 1662 dejerare
544 1581 651 1655 ausim,
664 1592 874 1664 praeterquam
889 1584 942 1665 qui

52 1662 207 1726 Tiberium
229 1662 403 1724 Gracchum
429 1670 585 1735 necarunt,
608 1663 759 1723 neminem
786 1665 941 1725 inimicum

53 1751 172 1806 tantum
185 1743 340 1805 molestiae
353 1750 532 1824 tantumque
551 1742 664 1803 laboris
684 1752 832 1822 quantum
853 1755 882 1805 te
902 1744 941 1805 ob
957 1749 995 1811 10

54 1824 107 1886 has
130 1847 177 1887 res
204 1824 280 1885 mihi
306 1822 481 1896 tradidisse3
508 1844 597 1903 quem
621 1823 780 1902 oportebat
805 1825 942 1885 omnium

54 1927 165 1981 eorum,
184 1926 260 1986 quos
287 1905 416 1965 antehac
443 1904 537 1965 habui
566 1903 684 1976 liberos,
710 1913 811 1983 partes
837 1926 941 1966 eorum

55 1986 182 2049 tolerare
194 1996 287 2066 atque
300 2006 414 2059 curare,
429 1994 568 2064 utquam
590 1984 751 2044 minimum
765 1984 941 2046 sollicitudi-

55 2068 98 2127 nis
119 2069 152 2128 in
170 2076 291 2129 senecta
310 2065 461 2139 haberem,
476 2066 589 2144 utique,
603 2084 810 2144 quaecumque
829 2086 941 2144 ageres,

55 2147 195 2211 cavelles
217 2147 350 2208 maxime
371 2146 446 2205 mihi
468 2146 596 2225 placere,
610 2153 701 2223 atque
723 2145 768 2205 uti
792 2145 875 2206 nefas
888 2147 939 2207 ha·
956 2151 994 2210 15

55 2224 137 2288 beres
160 2248 261 2289 rerum
280 2227 430 2307 majorum
454 2226 615 2288 adversum
640 2245 738 2285 meam
761 2227 940 2287 sententiam

56 2308 218 2387 quidquam
241 2307 356 2378 facere;
377 2306 552 2385 praesertim
576 2305 659 2378 mihi,
683 2306 732 2365 cui
754 2326 851 2385 parva
871 2328 941 2400 pars

55 2388 135 2448 vitae
157 2396 299 2467 superest.
341 2385 389 2446 Ne
411 2386 443 2446 id
465 2386 587 2465 quidem
611 2395 674 2446 tam
697 2386 788 2448 breve
809 2397 941 2465 spatium

55 2477 150 2544 potest
163 2467 316 2547 opitulari,
351 2467 404 2526 uin
419 2467 537 2526 etmihi
551 2466 709 2528 adversere
722 2476 752 2526 et
766 2487 829 2527 rem
843 2467 941 2546 publi-

56 2566 119 2606 cam
134 2549 293 2627 profliges?
331 2488 474 2625 (benique
489 2566 566 2624 quae
580 2567 675 2625 pausa
688 2545 766 2606 erit?
785 2548 942 2626 ecquando
956 2552 995 2615 20

57 2625 167 2689 desinet
187 2627 305 2689 familia
325 2636 427 2687 nostra
441 2626 592 2685 insanire?
612 2627 767 2704 ecquando
788 2628 894 2688 modus
914 2629 942 2689 ei

58 2706 97 2766 rei
116 2707 219 2770 haberi
240 2707 372 2786 poterit?
391 2706 546 2785 ecquando
560 2706 728 2766 desinemus
748 2716 778 2767 et
797 2704 942 2769 habentes

57 2795 85 2845 et
106 2789 281 2865 praebentes
304 2786 447 2846 molestiis
471 2786 630 2847 desistere?
656 2787 811 2865 ecquando
835 2808 873 2867 pe
910 2810 942 2849 u-

57 2864 151 2928 descet
164 2867 316 2930 miscenda
330 2875 421 2946 atque
434 2866 641 2945 perturbanda
654 2886 686 2926 re
699 2867 843 2946 publica?
905 2870 942 2929 ed

57 2946 80 3004 si
102 2949 223 3010 omnino
247 2947 279 3007 id
300 2947 365 3006 fieri
386 2966 446 3008 non
469 2955 575 3026 potest,
590 2946 642 3006 ubi
664 2968 719 3026 ego
741 2958 861 3010 mortua
881 2971 940 3024 ero,
957 2954 994 3014 25

58 3029 147 3103 petito
161 3029 351 3089 tribunatum
363 3049 369 3099 ;
412 3047 444 3086 er
458 3046 506 3086 me
520 3026 620 3099 facito,
636 3029 716 3105 quod
730 3028 856 3103 tubabit,
872 3051 941 3091 cum

58 3124 109 3185 ego
122 3129 181 3169 non
195 3109 332 3170 sentiam.
373 3048 437 3169 [ibi
458 3115 578 3168 mortua
598 3127 657 3178 ero,
672 3108 845 3184 parentabis
866 3111 941 3169 mihi

59 3195 86 3246 et
107 3189 262 3253 invocabis
283 3187 374 3247 deum
398 3196 562 3265 parentem.
603 3185 642 3245 In
666 3205 700 3246 eo
724 3196 858 3267 tempore
880 3210 941 3249 non

58 3268 147 3343 pudet
170 3278 200 3329 te
224 3287 329 3328 eorum
352 3267 443 3326 deum
467 3284 569 3343 preces
592 3274 740 3341 expetere,
761 3285 835 3341 quos
854 3267 941 3325 vivos

59 3354 146 3425 atque
172 3355 342 3427 praesentes
368 3344 487 3405 relictos
513 3351 605 3420 atquc
631 3342 760 3400 desertos
791 3341 939 3399 habueris.
955 3345 994 3404 30
