2346 3704
142 273 187 336 IL
208 272 260 336 Ita
273 273 470 336 decemvirali
487 283 637 355 potestate.
653 273 687 335 in
707 272 846 335 omnibus
865 272 992 335 urbibus

100 355 276 428 constituta,
290 355 386 434 ipsius
398 363 476 416 nutu
490 356 593 416 omnia
605 354 796 433 gerebantur.
838 353 932 433 cujus
952 355 991 416 de

100 435 283 496 crudelitate
303 455 340 495 ae
359 434 487 514 perfidia
505 436 579 496 satis
600 444 644 495 est
664 455 758 495 unam
776 455 840 495 rem
856 454 943 494 exem
967 434 990 494 li

101 515 203 594 gratia
216 514 359 594 proferre,
373 535 412 574 ne
432 515 470 575 de
489 516 594 576 eodem
613 514 705 594 plura
722 515 926 575 enumerando
940 455 989 575 de·

101 595 265 674 fatigemus
278 595 412 655 lectores.
453 594 562 656 Victor
575 594 781 655 exAsiaeum
791 604 991 655 reverteretur
1023 593 1043 656 5

102 673 297 753 Thasumque
324 675 502 748 divertisset,
525 674 606 753 quod
633 695 669 735 ea
696 675 803 737 civitas
826 674 927 754 praeci
949 695 990 735 ua

102 754 163 814 fide
186 754 288 815 fuerat
310 775 392 833 erga
407 754 615 828 Athenienses,
640 755 766 833 proinde
789 754 873 814 acsi
896 695 989 815 iidem

102 835 267 894 firmissimi
280 834 410 896 solerent
422 855 485 896 esse
498 835 597 908 amici,
612 835 664 913 qui
679 842 847 894 constantes
862 833 989 894 fuissent

102 915 229 987 inimici,
253 923 424 994 pervertere
446 935 513 974 eam
538 915 719 994 concupivit.
761 913 851 975 Vidit
877 923 988 987 autem,

101 995 162 1055 nisi
175 996 207 1054 in
222 1015 258 1055 eo
272 995 449 1055 occultasset
462 995 660 1067 voluntatem,
674 994 822 1067 futurum,
836 1003 871 1054 ut
885 992 988 1053 Thasii
1003 992 1041 1056 10

101 1075 312 1137 dilaberentur
325 1075 573 1155 consulerentque
586 1074 675 1134 rebus
691 1074 761 1134 suis.
802 1073 929 1152 Itaque.
940 1118 948 1134 .
960 1119 968 1134 .
979 1119 987 1135 .

142 1155 205 1216 III.
227 1154 272 1214 Hi
296 1154 526 1216 decemviralem
553 1176 640 1215 suam
667 1163 844 1234 potestatem
866 1154 906 1214 ab
933 1152 988 1214 illo

100 1236 299 1297 constitutam
312 1234 505 1296 sustulerunt.
548 1235 618 1311 Quo
639 1235 743 1295 dolore
761 1235 899 1295 incensus
918 1233 988 1295 iniit

101 1316 238 1390 consilia,
259 1335 341 1394 reges
361 1315 670 1376 Lacedaemoniorum
690 1314 803 1376 tollere.
844 1314 904 1376 sed
923 1335 987 1375 sen·

100 1396 207 1470 tiebat,
221 1395 255 1455 id
274 1415 305 1456 se
324 1396 388 1457 sine
401 1415 457 1475 ope
470 1397 596 1456 deorum
610 1396 708 1457 facere
723 1416 785 1456 non
798 1416 890 1476 posse,
905 1396 986 1476 quod
1000 1396 1039 1458 15

100 1475 336 1536 Lacedaemonii
344 1476 446 1536 omnia
456 1476 496 1536 ad
506 1475 631 1537 oracula
640 1477 751 1537 referre
759 1484 985 1538 consueverant.

99 1555 242 1617 Primum
263 1554 447 1634 Delphicum
467 1576 658 1637 eorrumpere
675 1565 720 1617 est
734 1565 866 1618 conatus.
907 1555 986 1617 Cum

98 1635 133 1697 id
154 1656 217 1697 non
237 1636 389 1714 potuisset,
404 1636 565 1698 Dodonam
586 1636 709 1697 adortus
722 1645 774 1697 est.
816 1635 901 1696 Hine
935 1656 986 1696 uo·

120 1735 160 1776 ue
188 1716 327 1794 repulsus
354 1715 442 1788 dixit,
466 1736 498 1777 se
520 1726 593 1778 vota
616 1717 786 1797 suscepisse,
810 1737 888 1795 quae
911 1657 985 1777 dcvi

135 1795 271 1856 ammoni
284 1794 422 1869 solveret,
436 1796 621 1870 existimans,
635 1818 666 1857 se
680 1797 773 1857 Afros
791 1795 910 1858 facilius
924 1816 985 1856 eor·
999 1794 1038 1855 20

98 1885 273 1955 rupturum.
313 1875 385 1937 Hac
397 1896 450 1955 spe
463 1897 533 1937 eum
546 1877 697 1956 profectus
710 1885 785 1937 esset
794 1876 827 1935 in
837 1874 985 1949 Africam,

98 1956 234 2017 multum
248 1976 317 2017 eum
330 1956 479 2018 antistites
491 1955 580 2018 Jovis
599 1956 780 2021 fefellerunt
821 1955 903 2016 Nam
924 1975 985 2016 nen

98 2037 200 2097 solum
227 2037 379 2116 eorrumpi
407 2057 467 2097 non
493 2045 667 2118 potuerunt,
688 2036 851 2097 sedetiam
872 2035 986 2114 legatos

99 2115 331 2178 Lacedaemona
344 2117 499 2193 miserunt,
513 2117 567 2198 qui
588 2116 780 2198 Lysandrum
801 2126 985 2190 accusarent,

98 2195 183 2276 quod
196 2197 363 2260 sacerdotes
376 2197 441 2258 fani
455 2218 647 2279 corrumpere
661 2204 785 2258 conatus
801 2205 885 2259 esset
926 2195 986 2257 Ac·
999 2194 1038 2256 25

98 2285 223 2337 cusatus
236 2276 294 2337 hoc
307 2277 433 2338 crimine
441 2279 640 2358 judicumque
654 2277 809 2339 absolutus
822 2277 986 2351 sententiis,

97 2356 311 2418 Orchomeniis
331 2359 438 2420 missus
458 2359 600 2432 subsidio,
614 2359 727 2421 occisus
745 2367 790 2420 est
803 2379 823 2420 a
835 2357 986 2419 Thebanis

95 2436 184 2516 apud
195 2436 384 2500 Haliartum.
425 2438 528 2517 Quam
539 2459 609 2501 vere
619 2441 657 2499 de
671 2460 705 2500 eo
719 2437 796 2500 foret
804 2437 986 2516 judicatum,

96 2517 198 2578 oratio
219 2516 331 2579 indicio
352 2517 420 2592 fuit,
434 2539 512 2600 quae
531 2528 600 2600 post
618 2529 746 2579 mortem
763 2518 797 2580 in
815 2519 904 2580 domo
923 2520 986 2599 ejus

96 2607 223 2678 reperta
241 2607 295 2669 est,
315 2598 348 2659 in
368 2619 429 2678 qua
449 2599 556 2660 suadet
576 2599 831 2673 Lacedaemoniis,
845 2606 889 2673 ut,
903 2599 987 2680 regia
1000 2595 1040 2658 30

121 2686 250 2738 otestate
275 2677 429 2755 dissoluta,
453 2699 492 2740 ex
515 2678 654 2741 omnibus
678 2679 743 2740 dux
766 2679 919 2759 deligatur
946 2678 986 2741 ad

139 2757 218 2817 llum
238 2758 422 2837 gerendum
442 2760 495 2821 sed
515 2759 559 2823 ita
578 2760 698 2838 scripta,
712 2769 748 2821 ut
767 2759 894 2822 deorum
905 2760 988 2823 vide·

97 2845 186 2898 retur
200 2858 364 2916 congruere
384 2840 557 2912 sententiae,
571 2859 664 2921 qnam
684 2839 738 2902 ille
757 2859 788 2900 se
808 2838 987 2905 habiturum

141 2917 231 2978 cunia
254 2917 349 2980 fidens
371 2939 433 2980 non
460 2918 629 2982 dubitabat
669 2917 762 2982 Hanc
786 2918 814 2981 ei
836 2920 988 3002 scripsisse

140 3017 196 3057 eon
211 2997 462 3063 Halicarnasseus
474 3000 594 3063 dicitur.
1000 2999 1041 3062 35

142 3075 201 3139 IV.
222 3076 327 3173 Atque
337 3078 394 3138 hoe
404 3077 469 3139 loco
479 3087 595 3142 nonest
626 3078 857 3142 raetereundum
871 3078 986 3142 factum

98 3156 305 3230 Pharnabazr,
331 3157 460 3237 satrapis
486 3158 570 3240 regii.
604 3099 694 3221 llam
722 3178 791 3221 cum
818 3156 986 3238 Lysander,

124 3236 272 3297 raefeetus
286 3237 395 3310 classis,
409 3237 441 3297 in
455 3237 536 3298 bello
550 3237 648 3299 multa
661 3238 823 3301 crudeliter
836 3256 986 3313 avareque

148 3317 229 3394 isset,
244 3316 341 3399 deque
359 3316 407 3381 his
427 3317 516 3381 rebus
535 3317 738 3399 suspicaretur
757 3315 798 3378 ad
818 3314 898 3377 cives
917 3332 986 3375 suos
