2346 3704
1 2719 2 2723 ’
81 2719 155 2783 vale

363 159 699 255 nnanrsropans.
979 146 1021 212 17
1086 141 1093 151 ’

141 337 191 378 em
204 266 340 377 oratione
356 250 538 456 Zpiimliat.
579 313 687 456 Neppe
706 317 806 378 minus
826 317 859 378 in
879 317 968 381 rebus

76 316 222 476 &emilis
235 382 364 476 pfom‘pi
386 402 393 417 '‘
413 392 505 474 tuam
524 397 631 475 excogi
646 390 732 458 andis
751 407 825 472 erat,
840 399 920 479 quod
938 408 969 461 et

78 477 122 536 de
142 477 335 549 instantibus,
350 486 385 537 ut
405 477 448 536 ait
468 476 494 535 Τ
539 497 555 536 a
576 475 669 550 didos,
683 478 836 543 verissime
851 479 968 557 judiea-

78 555 138 624 bat
152 564 183 616 et
196 557 233 616 de
246 556 358 616 futuris
379 556 450 645 calli
474 557 480 569 ”
524 577 553 615 m
592 577 626 617 eo
644 552 777 637 jieiebat.
819 558 889 635 Quo
909 559 969 620 fae·

78 644 152 696 tum
166 645 218 707 est,
232 644 268 695 ut
281 634 367 697 brevi
381 644 442 696 tem
483 657 516 696 re
528 636 614 696 illust
650 646 741 711 retur.
1001 640 1022 700 ὅ

124 714 169 774 Π.
197 714 318 775 Primus
345 725 447 776 autern
475 716 587 795 gradus
613 717 674 777 fuit
701 719 898 796 capessendae
925 719 970 780 rei

79 795 226 875 publicae
238 768 377 863 bellquo
432 816 518 868 rae03
539 797 579 856 ad
599 796 682 877 quod
701 786 865 876 gerendum
885 820 970 879 prae-

80 884 132 959 tor
153 895 174 936 a
192 856 306 954 populi
326 875 388 936 faet
444 882 506 936 nan
525 876 665 962 solump
770 879 794 938 ti
814 877 903 952 bello,
917 879 969 939 sed

80 956 178 1016 etiam
191 955 309 1036 reliquo
321 964 456 1034 tempore
469 956 645 1035 ferociorem
658 950 714 1017 reii
735 958 741 971 ’
766 958 791 1017 it
806 958 981 1039 oiv'natem„

80 1034 168 1102 Nam
181 1055 252 1096 oum
264 1035 395 1115 pecunia
407 1035 540 1115 publiea,
554 1057 633 1116 quae
645 1057 684 1097 ex
698 1038 830 1098 metallis
843 1038 969 1111 redibat,
984 1030 1023 1099 10

81 1115 246 1259 lnffiitione
258 1117 496 1195 magistratuum
551 1117 667 1197 *tannis
680 1117 825 1190 interiret,
839 1114 892 1176 ille
905 1138 971 1197 per·
1002 1118 1007 1135 ⁸

80 1215 118 1256 su
155 1196 180 1256 it
192 1178 315 1276 popina,
330 1205 364 1256 ut
429 1216 506 1277 pecu
528 1218 559 1258 ra
579 1184 682 1261 classis
703 1207 823 1258 eentum
844 1199 970 1259 navium

81 1276 328 1357 aedificaremur
345 1276 397 1352 Qu
444 1276 583 1338 celeriter
608 1276 722 1353 effecta,
742 1278 876 1361 primum
899 1278 970 1339 Cor-

82 1377 208 1436 cyraeos
222 1356 327 1435 'fregit
347 1355 457 1417 deinde
471 1352 648 1418 maritimos
667 1356 831 1437 praedones
855 1378 971 1435 eonem·

72 1437 179 1498 'tando
202 1456 286 1496 mare
307 1444 410 1496 tntum
434 1437 575 1497 reddidit
616 1436 656 1497 In
679 1459 739 1516 quo
763 1448 832 1499 eum
856 1437 970 1500 divitiis
985 1437 1022 1497 15

83 1516 215 1593 ornavit,
235 1525 302 1592 tum
325 1517 419 1577 etiam
442 1516 636 1597 peritissimos
681 1518 733 1578 elli
797 1518 874 1580 valis
898 1518 970 1579 feeit

83 1596 312 1658 Atheniensem
347 1596 387 1657 Id
413 1606 546 1677 quantae
575 1599 643 1658 salu
694 1599 746 1658 fue
764 1598 787 1658 't
812 1599 971 1660 universae

83 1676 241 1750 Graeciae,
264 1675 345 1737 bello
372 1660 599 1757 cognituffi‘est
626 1677 782 1761 Persicor
795 1677 877 1738 Nam
901 1699 970 1738 eum

83 1756 176 1817 Xerx
227 1766 258 1837 et
276 1757 355 1817 mari
378 1767 409 1818 et
432 1767 514 1855 toppo
533 1757 649 1818 bellum
668 1759 827 1819 universae
846 1757 971 1818 inferret

83 1777 228 1916 Ειιιοιᾍ
238 1857 309 1898 oum
318 1839 413 1898 tantis
425 1838 527 1917 oopris,
559 1847 668 1899 nantas
679 1858 777 1917 neque
789 1847 860 1898 ante
873 1857 971 1930 neque
985 1837 1023 1896 20

82 1926 190 1997 postea
212 1916 321 1979 habuit
348 1918 526 1998 quisquam:
576 1919 644 1997 ujus
664 1918 745 1978 enim
766 1917 867 1978 classis
885 1917 970 1977 mille

82 2007 115 2059 et
142 1998 342 2058 ducentarum
368 1999 495 2060 navium
522 1997 683 2077 longarum
706 1997 773 2070 fuit,
794 2017 885 2075 quam
910 1997 970 2057 duo

83 2077 172 2138 milia
199 2078 406 2139 onerariarum
432 2077 654 2157 sequebantur3
687 2084 841 2138 terrestres
866 2086 970 2139 autem

83 2158 236 2221 exereitus
255 2159 513 2237 septingentorum
533 2157 653 2217 milium
672 2158 820 2240 peditum,
833 2158 970 2238 equitum

82 2238 375 2319 quadringentorum
389 2238 509 2298 milium
526 2238 667 2300 fuerunt:
687 2238 773 2318 cujus
786 2237 824 2298 de
837 2240 971 2300 adventu
985 2237 1024 2299 25

82 2339 156 2380 eum
166 2317 250 2378 fama
260 2318 292 2377 in
303 2317 464 2378 Graeciam
474 2326 550 2378 esset
559 2319 678 2397 perlata
690 2326 721 2379 et
734 2319 867 2380 maxime
877 2318 972 2380 Athe

81 2400 202 2459 nienses
226 2389 289 2477 peli
312 2399 467 2459 dicerentu
507 2418 584 2478 prop
654 2419 790 2478 pugnam
817 2399 972 2459 Maratho-

81 2480 186 2551 niam;
206 2478 354 2538 miserunt
372 2477 434 2538 Del
456 2418 510 2539 his
530 2498 601 2538 cons
635 2488 710 2552 tum,
751 2479 876 2539 uidnam
896 2478 972 2539 faee-

82 2569 154 2620 rent
164 2558 202 2619 de
216 2558 304 2619 rebus
317 2558 387 2619 suis
461 2558 538 2618 elibe
574 2559 676 2619 ntibus
687 2559 748 2638 Pyt
770 2559 780 2618 i
856 2559 971 2638 pondit‚

82 2649 121 2701 ut
134 2660 166 2699 m
202 2638 292 2699 nibus
306 2638 413 2717 ligneis
426 2658 524 2729 semu
559 2649 634 2699 rent,
676 2638 715 2698 Id
728 2658 795 2717 resp
850 2658 902 2698 um
912 2658 971 2718 qno
986 2636 1025 2698 30

156 2659 212 2812 ιζ,
226 2739 296 2778 oum
312 2718 496 2798 intelligeret
515 2739 612 2792 nemo,
626 2719 840 2779 Themistocles
854 2739 973 2798 persua

81 2801 133 2873 ait,
154 2799 316 2860 eonsilium
336 2818 398 2860 esse
411 2798 566 2877 Apollinis
588 2808 624 2859 ut
644 2799 677 2859 in
696 2818 789 2859 naves
808 2819 840 2859 se
860 2819 914 2859 sua
935 2819 973 2859 ue

83 2879 274 2940 conferrent:
295 2897 365 2939 eum
385 2878 467 2938 enim
487 2899 507 2938 a
526 2846 582 2941 d&
602 2878 765 2958 significari
783 2898 905 2938 murum
915 2820 973 2957 iig-

83 2980 187 3020 neum.
229 2957 299 3017 Tali
315 2958 440 3019 oonsilio
458 2959 595 3038 probato,
609 2959 727 3019 addunt
747 2958 787 3018 ad
807 2959 973 3037 superiores

83 3040 214 3101 totidem
235 3058 328 3098 naves
340 3039 492 3115 triremes,
507 3059 620 3118 suaque
640 3038 750 3110 omnia,
765 3058 842 3116 quae
859 3037 975 3098 moveri
988 3034 1027 3094 35

84 3126 239 3199 poterant,
265 3118 379 3198 partim
412 3116 577 3190 Salamina,
605 3117 716 3196 partim
748 3117 899 3176 Troezena
927 3117 975 3175 de·

84 3205 230 3280 portant;
260 3218 361 3258 arcem
388 3197 593 3258 sacerdotibus
620 3197 783 3276 paucisque
811 3194 975 3272 majoribus

84 3288 164 3340 natu
185 3298 222 3339 aa
242 3298 329 3338 saera
347 3276 540 3358 procuranda
560 3277 696 3350 tradunt,
716 3274 867 3352 reliquum
894 3272 976 3349 oppi-

85 3358 164 3420 dum
185 3358 370 3485 relinpuunt.

203 3437 259 3486 2-
289 3451 359 3498 epos.
