2346 3704
434 140 635 212 rnooton.
986 126 1032 192 89

84 297 265 373 offenderat,
279 296 361 378 qnod
374 298 491 380 patriae
504 297 585 361 male
598 296 797 374 consuluerat,
810 296 863 363 sed
876 297 977 374 etiem,

83 378 170 458 quod
206 379 358 441 amicitiae
383 379 474 440 fidem
501 398 563 441 non
589 380 789 460 praestiterat
837 380 979 461 Namque

84 468 198 519 auctus
211 460 394 538 adjutusque
405 479 425 520 e
439 459 642 521 Demosthene
655 481 733 533 eum,
744 481 834 540 quem
847 460 977 535 tenebat,

85 539 268 599 ascenderat
290 539 429 618 gradum,
453 560 524 599 cum
550 540 694 601 adversus
721 540 881 601 Charetem
908 561 978 601 eum

49 656 66 679 ›
84 619 287 691 subornaret;
307 618 346 679 ab
356 619 460 680 codem
472 619 504 678 in
512 620 645 699 judiciis,
656 639 726 683 cum
740 621 847 700 capitis
857 641 978 681 causam
1013 620 1032 682 5

85 699 214 772 diceret,
248 699 387 760 defensus
423 699 583 778 aliquoties
617 698 762 761 liberatus
796 700 977 762 discesserat

86 778 187 840 Hunc
200 799 263 840 non
274 780 374 840 solum
387 779 420 840 in
433 779 576 859 periculis
589 800 650 840 non
665 778 807 852 defendit,
820 781 978 843 sedetiam

86 857 235 938 prodidit.
270 858 409 920 Concidit
420 868 522 921 autem
532 861 665 920 maxime
676 880 736 920 uno
747 860 880 934 crimine,
909 861 979 935 uod,

87 960 161 999 cum
182 938 266 1019 apud
286 960 356 999 eum
375 960 527 1001 summum
548 949 623 1001 esset
643 939 803 1020 imperium
820 882 934 1019 popili,
948 949 979 1001 et

87 1018 286 1093 Nicanorem,
307 1019 469 1081 Cassandri
514 1021 687 1093 raefectum,
708 1019 845 1080 insidiari
872 1020 979 1081 Piraeo
994 1022 1033 1082 10

87 1099 333 1173 Atheniensium,
348 1121 367 1160 a
380 1040 526 1180 Dercyllo
538 1110 719 1172 moneretur,
728 1100 868 1180 idemque
881 1108 980 1179 postu·

88 1179 179 1253 laret,
192 1188 229 1241 ut
248 1180 428 1260 provideret,
441 1200 481 1241 ne
493 1181 709 1243 commeatibus
722 1181 829 1241 civitas
848 1181 980 1261 privare·

87 1269 150 1333 tur,
178 1260 261 1333 huic,
288 1261 429 1322 audiente
455 1262 577 1354 populo,
605 1261 739 1323 Phocion
769 1261 893 1340 negavit
919 1281 980 1322 esse

129 1341 272 1414 riculum,
284 1360 375 1420 seque
389 1343 452 1421 ejus
466 1361 510 1401 re1
523 1341 658 1402 obsidem
673 1342 737 1402 fore
752 1342 905 1421 pollicitus
926 1350 978 1402 est.

88 1361 201 1500 licque
211 1420 255 1482 ita
266 1422 363 1482 multo
395 1431 441 1482 ost
451 1422 587 1482 Nicanor
597 1420 706 1482 Piraeo
716 1430 761 1482 est
770 1422 891 1501 potitus.
926 1422 979 1483 Ad
994 1423 1032 1482 15

88 1522 182 1581 quem
197 1443 436 1580 recuperandhm
450 1523 520 1563 cum
534 1502 666 1581 populus
674 1513 808 1562 armatus
817 1503 979 1562 concurris·

88 1592 143 1654 eet,
158 1582 214 1643 ille
229 1603 290 1642 non
304 1582 393 1642 modo
406 1583 558 1645 neminem
572 1582 612 1642 ad
626 1602 712 1641 arma
725 1582 855 1653 vocavit,
869 1582 921 1641 sed
941 1601 980 1641 ne

88 1663 218 1723 armatis
238 1662 361 1740 quidem
381 1682 517 1741 praeesse
529 1660 636 1725 voluit
678 1661 749 1722 Sine
765 1681 825 1742 quo
838 1661 980 1723 Athenae

88 1743 216 1803 omnino
230 1760 291 1802 esse
305 1761 366 1802 non
378 1750 511 1822 possunt.

129 1822 193 1882 III.
222 1821 322 1883 Erant
344 1843 379 1883 eo
405 1832 540 1902 tempore
562 1821 694 1883 Athenis
720 1821 800 1884 duae
826 1819 979 1894 factiones,
994 1821 1033 1882 20

87 1923 232 1983 quarum.
244 1923 307 1963 una
327 1904 434 1984 populi
455 1924 577 1964 causam
599 1902 717 1981 agebat,
736 1903 833 1963 altera
854 1901 979 1979 optima·

87 1984 178 2044 tium.
220 1981 260 2044 In
274 1984 332 2044 hac
344 1993 410 2045 erat
423 1984 558 2044 Phocion
571 1992 603 2043 et
616 1980 789 2042 Demetrius
805 1981 978 2042 Phalereus.

87 2063 215 2125 Harum
242 2073 371 2143 utraque
394 2063 596 2124 Macedonum
619 2061 794 2142 patrociniis
817 2060 978 2121 nitebatur.
1035 2074 1042 2083 “

87 2144 174 2205 Nam
234 2145 355 2225 pulares
375 2142 625 2223 Polysperchonti
639 2141 800 2214 favebant3
821 2141 980 2220 optimates

87 2247 161 2286 cum
170 2165 339 2286 Cladsandro
348 2224 524 2284 sentiebant.
559 2222 687 2283 Interim
698 2244 717 2283 a
726 2221 980 2302 Polysperchonte
994 2223 1033 2283 25

87 2306 278 2367 Cassandrus
290 2303 471 2365 Macedonia
491 2302 595 2384 pulsus
615 2311 668 2364 est.
707 2303 779 2379 Quo
792 2302 872 2363 facto
885 2321 979 2381 popu·

87 2387 139 2447 lus
159 2386 295 2465 superior
308 2385 406 2445 factus
419 2384 522 2445 statim
536 2385 626 2444 duces
639 2381 828 2447 adversariae
841 2382 979 2443 factionis

88 2467 200 2546 capitis
220 2466 379 2526 damnatos
398 2465 498 2544 patria
518 2463 664 2544 propulit,
676 2465 709 2523 in
729 2465 776 2525 his
797 2463 979 2523 Phocionem

88 2555 122 2609 et
145 2537 336 2607 Demetrium
360 2545 560 2617 Phalereum;
581 2544 678 2623 deque
691 2565 727 2604 ea
749 2564 781 2604 re
802 2543 916 2622 legatos
939 2543 979 2603 ad

89 2627 380 2707 Polysperchontem
404 2625 495 2697 misit,
509 2624 562 2704 qui
584 2624 624 2684 ab
646 2645 681 2685 eo
702 2632 846 2704 peterent,
868 2630 904 2682 ut
925 2643 980 2685 sua
993 2623 1033 2685 30

90 2709 214 2768 decreta
228 2706 426 2769 confirmaret.
468 2704 542 2767 Huc
555 2706 659 2765 eodem
702 2704 830 2764 refectus
844 2712 888 2765 est
902 2703 979 2763 Pho·

91 2788 170 2849 cion
211 2787 283 2863 Quo
297 2795 332 2847 ut
344 2787 438 2859 venit,
452 2806 575 2846 causam
589 2785 671 2864 apud
680 2726 865 2864 Philippum
878 2803 979 2861 regem

90 2868 196 2941 verbo,
211 2888 244 2928 re
263 2867 330 2946 ipsa
343 2867 465 2945 quidem
479 2867 561 2944 apud
576 2865 862 2945 Polysperchontem
879 2864 980 2942 jussus

92 2958 138 3011 est
152 2949 269 3020 dicere;
285 2967 417 3026 namque
426 2947 452 3006 is
462 2955 528 3006 tum
543 2946 621 3024 regis
635 2945 723 3005 rebus
737 2952 882 3083 {imai
918 2943 980 3002 Hic

92 3030 133 3090 ab
147 3028 279 3107 Agnone
300 3037 466 3098 accusatus,
481 3026 561 3105 quod
584 3026 726 3085 Piraeum

93 3109 227 3181 didisset,
241 3128 281 3167 ex
301 3107 419 3167 consilii
432 3106 580 3166 sententia
593 3106 625 3163 in
640 3104 806 3164 custodiam
822 3103 980 3180 conjectus,

93 3187 234 3249 Athenas
247 3187 394 3246 deductus
408 3196 461 3257 est,
475 3195 510 3245 ut
530 3185 573 3244 ibi
594 3184 631 3243 de
651 3204 685 3243 eo
706 3182 822 3261 legibus
834 3181 919 3238 fieret
934 3182 981 3258 ju·

94 3269 218 3331 dicium.

136 3347 195 3411 IV.
216 3346 290 3408 Huc
304 3346 357 3406 ubi
370 3353 550 3426 perventum
564 3351 617 3413 est,
631 3360 700 3399 cum
717 3343 840 3415 propter
853 3340 982 3393 aetatem

778 3022 892 3082 icanori
915 3043 980 3100 pro·
994 3020 1033 3080 35
