2346 3704
135 135 179 199 7²
413 149 627 196 coannnrr
654 148 852 196 neroum.

189 307 291 368 locum
303 307 366 366 fors
378 305 544 377 obmlisset,
557 326 593 366 eo
605 305 738 384 patriam
751 324 931 384 recuperare
948 305 1084 366 niteren·
1146 334 1147 369 3

189 396 250 449 tur.
290 386 400 464 Itaque
422 406 492 445 cum
516 395 635 464 tempus
658 393 703 443 est
725 385 826 445 visum
850 385 895 445 rei
918 386 1083 464 gerendae,
1146 398 1147 401 ’

191 466 398 527 cummuniter
412 486 483 525 cum
507 465 563 537 bis,
584 465 638 543 qui
657 463 770 523 Thebis
793 465 874 524 idem
898 458 1083 538 sentiebant,

191 547 272 607 diem
298 546 475 624 delegenmt
500 545 541 604 ad
568 544 706 603 inimicos
732 544 946 622 opprimendos
973 545 1084 605 civito·

157 627 312 705 btemque
337 625 528 685 liberandam
551 645 631 697 eum,
673 644 711 683 uo
734 624 863 683 maximi
882 625 1083 714 magistratus

191 706 283 767 simul
295 716 474 766 consuerant
484 705 611 784 epulari.
794 724 884 783 saepe
897 725 1019 765 resnou
1033 705 1084 766 ita

192 787 310 865 maguis
330 786 424 865 copiis
446 794 518 844 sunt
538 796 656 863 gestae3
679 784 732 843 sed
753 784 888 862 profecto
910 805 1082 864 numquam
1148 784 1149 877 l

191 867 232 928 ab
256 878 319 926 tam
341 865 427 926 tenui
453 865 540 925 initio
567 874 671 925 tantae
694 885 765 943 opes
791 874 864 925 suut
889 865 1083 943 profligatae,
1148 880 1149 891 ¹

191 947 274 1007 Nam
297 945 456 1007 duodecim
482 945 698 1004 adolescentuli
722 946 861 1005 coierunt
882 965 923 1005 ex
946 944 1003 1019 his,
1023 945 1082 1025 qui

139 1029 179 1088 10
192 1027 299 1088 exsilio
318 1036 406 1087 erant
425 1025 557 1097 multati,
577 1045 648 1084 cum
672 1025 795 1084 omnino
815 1045 877 1084 non
897 1034 997 1087 essent
1016 1046 1083 1086 am·

191 1108 273 1187 plius
285 1118 416 1177 centum,
429 1106 482 1184 qui
502 1114 588 1165 tauto
607 1125 639 1165 se
658 1105 800 1165 offerrent
819 1106 964 1184 periculo.
1006 1106 1108 1182 Quat
1149 1134 1150 1169 1

233 1188 346 1248 ucitate
368 1186 506 1266 perculsa
529 1194 575 1246 ost
597 1185 909 1246 lacedaemoniorum
932 1187 1080 1264 potentia.
1149 1176 1150 1245 l

192 1209 239 1327 ffi
262 1268 342 1327 enim
366 1287 428 1326 non
448 1267 545 1346 magis
568 1266 810 1326 adversariorum
830 1265 966 1341 factioni,
986 1288 1082 1348 quam

192 1347 358 1426 Spartanis,
372 1368 407 1407 eo
426 1356 561 1426 tempore
573 1346 690 1406 bellum
702 1345 881 1419 intulerunt,
895 1351 950 1439 qui
969 1348 1082 1427 princi·

140 1429 180 1490 15
193 1448 246 1506 pes
258 1438 345 1487 erant
358 1428 450 1487 totius
463 1426 627 1498 Graeciae;
647 1447 778 1505 quorum
791 1427 912 1505 imperii
928 1429 1082 1509 majestas,

193 1528 290 1586 neque
302 1508 346 1590 ita
360 1507 457 1567 multo
470 1517 546 1585 post,
561 1507 722 1567 Leuctrica
738 1528 850 1585 pugna,
865 1507 978 1570 abhoc
991 1509 1082 1570 initio

193 1588 340 1667 perculsa,
368 1588 506 1648 concidit
548 1587 600 1646 Illi
629 1588 724 1666 igitur
750 1587 920 1661 duodecim,
946 1604 1081 1668 quorum
1150 1600 1151 1661 ξ

193 1670 259 1728 dux
280 1678 345 1728 erat
364 1667 533 1746 Pelopidas,
547 1689 617 1727 cum
630 1668 762 1728 Athenis
783 1669 917 1728 interdiu
937 1670 1080 1744 exissent,

194 1758 229 1808 ut
239 1758 462 1828 vesperascente
472 1748 555 1808 caelo
565 1747 684 1808 Thebas
697 1758 817 1829 possent
829 1751 998 1827 pervenire,
1010 1770 1081 1811 cum

140 1831 180 1892 20
194 1829 319 1889 canibus
346 1828 491 1889 venaticis
520 1829 669 1901 exierunt,
697 1830 775 1889 retia
801 1829 939 1903 ferentes,
964 1834 1081 1894 vestitu
1151 1832 1152 1905 l

193 1909 312 1988 agresti,
332 1930 392 1988 quo
416 1908 532 1969 minore
553 1910 721 1987 suspicione
745 1910 880 1969 facerent
905 1911 973 1973 iter.
1015 1913 1080 1991 Qui
1151 1908 1152 1985 ,

193 2012 263 2050 cum
276 2000 410 2068 tempore
431 1990 504 2068 ipso,
518 2010 578 2067 quo
598 1984 785 2062 studuerant,
799 1993 1016 2068 perveniaeent,
1030 1995 1082 2055 do-
1151 2004 1152 2013 ’

193 2092 276 2130 mum
292 2069 439 2130 Charonis
458 2069 654 2142 devenerunt,
668 2090 687 2129 a
707 2091 768 2150 quo
787 2081 818 2131 et
838 2080 958 2151 tempus
972 2084 1004 2135 et
1017 2075 1081 2136 dies

194 2160 258 2210 erat
273 2151 369 2211 datus.
1151 2152 1152 2159 '

141 2233 180 2293 25
234 2230 295 2290 III.
316 2229 465 2297 Hoeloeo
478 2230 554 2292 libet
567 2231 765 2311 interponere,
779 2232 834 2293 etsi
853 2235 1026 2314 sejunctum
1040 2236 1080 2298 ab

193 2313 1082 2471 sun

193 2473 233 2532 ad
254 2491 341 2532 aures
360 2471 507 2549 pervenit,
520 2472 638 2532 exsules
658 2474 691 2532 in
711 2473 817 2534 urbem
837 2476 999 2538 devenisse.
1043 2478 1081 2539 Id

194 2553 241 2612 illi
250 2552 323 2614 vino
333 2552 489 2630 epulisque
502 2552 597 2612 dediti
610 2574 705 2632 usque
717 2575 753 2613 eo
767 2555 979 2634 despexerunt,
993 2567 1032 2619 ut
1043 2579 1081 2620 ne

140 2635 180 2696 30
194 2652 336 2712 quaerere
357 2632 479 2710 quidem
501 2632 540 2693 de
561 2642 648 2708 tanta
670 2655 703 2694 re
725 2634 900 2697 laborarint
941 2637 1081 2701 Accessit

193 2714 294 2785 etiam,
308 2712 389 2791 quod
410 2712 506 2792 magis
526 2715 657 2792 aperiret
672 2735 776 2775 eorum
789 2709 982 2779 dementiam.
1025 2720 1080 2780 Al·

193 2793 257 2854 lata
270 2793 408 2854 estenim
429 2794 555 2872 epistola
569 2794 699 2854 Athenis
719 2795 759 2855 ab
787 2795 926 2856 Archino
955 2798 1010 2857 uni
1041 2821 1080 2861 ex

192 2872 249 2946 his,
279 2873 422 2946 Archiae,
436 2874 489 2952 qui
510 2885 576 2933 tum
593 2876 762 2934 maximum
776 2878 988 2954 magistratum
1003 2878 1081 2940 The-
1151 2946 1152 2953 ,

192 2955 239 3016 bis
259 2954 431 3026 obtinebat3
451 2954 484 3013 in
498 2974 559 3033 qua
572 2955 675 3014 omnia
687 2955 725 3014 de
740 2955 922 3033 profectione
935 2959 1079 3021 exsulum

138 3037 178 3098 35
191 3035 358 3116 perscripta
371 3043 465 3094 erant.
508 3034 597 3109 Quae
610 3054 679 3093 cum
698 3035 761 3127 jam
774 3035 936 3096 accubanti
956 3037 989 3097 in
1009 3060 1080 3100 con·

192 3117 274 3177 vivio
295 3124 370 3174 esset
393 3115 475 3185 data,
495 3114 573 3172 sicut
596 3124 661 3173 erat
684 3124 812 3192 signato,
832 3116 889 3176 sub
913 3111 1079 3195 pulvinum

191 3195 359 3273 subjiciens,
380 3193 445 3250 “In
466 3193 658 3263 crastinum,’'
683 3194 791 3271 inquit,
815 3195 948 3257 “differo
967 3218 1015 3258 res
1035 3220 1079 3260 se-

191 3274 303 3334 veras.'’
345 3273 392 3330 At
411 3270 460 3328 illi
481 3291 592 3341 omnes,
615 3292 683 3330 cum
703 3273 769 3350 jam
792 3293 855 3333 nox
878 3280 1054 3353 processisse

189 3351 337 3411 vinolenti
351 3349 390 3409 ab
401 3347 565 3420 exsulibus,
575 3349 651 3409 duce
665 3350 820 3429 Pelopida,
827 3363 902 3413 sunt
915 3355 1042 3418 interfec

137 3429 177 3488 40
191 3428 311 3503 Quibus
325 3427 414 3487 rebus
427 3426 578 3498 confectis,
587 3428 681 3506 vulgo
694 3431 735 3490 ad
748 3451 836 3491 arma
843 3431 1038 3518 libertatemq
1057 3457 1077 3502 e
