2346 3704
383 167 660 218 nnornrnnns.
975 154 1019 219 33

74 327 259 400 luxuriosus,
274 323 446 399 dissolutus,
461 323 647 399 libidinosus,
661 324 865 405 intemperans
883 345 965 406 repe·

74 408 220 480 uebatur,
229 415 265 467 ut
279 426 382 466 omnes
397 406 628 480 admirarentur,
642 407 675 466 in
689 425 750 466 unc
764 407 886 467 homine
899 415 965 467 tan·

73 498 137 550 tarn
152 507 216 548 esse
230 486 302 547 dissi
337 486 343 499 '
359 485 508 546 itudinem
519 495 641 566 tamque
651 487 801 548 diversam
811 496 962 548 naturam.

113 567 158 628 II.
181 566 290 627 Educa
305 587 340 626 us
355 575 399 626 est
413 566 445 625 in
459 566 548 626 domo
562 564 673 626 Pericli
689 566 863 646 (privignus
882 568 962 627 enim

46 649 138 729 ejus
165 646 258 707 fuisse
286 645 423 725 dicitur),
448 646 584 707 eruditus
608 667 626 707 a
648 646 778 707 Socrate.
819 646 962 707 Socerum
996 648 1016 709 ὅ

72 728 184 789 habuit
205 726 425 806 Hipponicum,
440 726 576 786 omnium
590 725 709 787 Graeca
722 726 828 805 lingua
842 726 963 808 loquen-

71 809 153 869 tium
182 806 373 879 ditissimum,
397 815 440 879 ut,
465 806 490 865 si
518 806 581 884 ipse
608 806 720 885 fingere
744 807 845 881 vellet,
865 829 963 887 neque

70 888 165 969 plura
186 886 267 946 bona
287 886 437 946 reminisci
458 906 555 964 neque
571 888 687 966 majora
700 896 799 966 posset
812 890 962 970 consequi,

71 988 168 1048 quarn
182 965 232 1028 vel
246 975 357 1026 natura
371 964 420 1027 vel
435 966 558 1025 fortuna
571 966 728 1026 tribuerat.

113 1046 177 1107 ΠΙ.
199 1046 287 1106 Bello
302 1046 519 1124 Peloponnesio
534 1046 624 1125 hujus
645 1045 770 1108 consilio
786 1056 878 1127 atque
894 1069 962 1110 auc
977 1049 1016 1110 10

70 1128 198 1189 toritatc
212 1125 413 1187 Athenienses
427 1125 541 1186 bellum
556 1126 754 1206 Syracusanis
767 1128 961 1203 indixerunt3

70 1207 113 1269 ad
135 1205 219 1287 quod
240 1206 430 1285 gerendumi
466 1206 561 1267 edux
575 1207 709 1267 delectus
722 1218 783 1282 est;
804 1208 864 1270 duo
878 1229 962 1289 prae

70 1295 157 1349 terea
179 1286 312 1364 collegae
333 1286 406 1360 dati,
460 1287 532 1346 icias
556 1297 587 1347 et
610 1287 791 1350 Lamachus.
832 1288 871 1350 Id
891 1311 961 1351 curn

71 1375 284 1447 appararetur,
296 1367 480 1444 priusquam
490 1366 592 1427 classis
606 1368 711 1443 exiret,
722 1368 840 1444 accidit,
849 1379 886 1430 ut
899 1391 961 1432 una

70 1456 162 1507 nocte
183 1466 285 1507 omnes
306 1444 449 1520 Hermae,
463 1448 517 1525 qui
537 1448 570 1507 in
591 1450 701 1528 oppido
722 1450 1015 1525 erantAthenis,15

70 1528 285 1606 dejicerentur,
305 1535 424 1605 praeter
445 1547 550 1600 unum,
572 1530 624 1607 qui
653 1539 724 1590 ante
745 1531 874 1609 januam
896 1544 962 1592 erat

70 1605 239 1667 Andocidi.
280 1604 330 1665 Ita
351 1626 389 1673 ue
410 1606 463 1667 ille
483 1618 587 1686 postea
608 1609 777 1671 Mercurius
793 1613 962 1673 Andocidis

68 1687 225 1749 vocitatus
245 1693 297 1746 cst.
373 1707 408 1746 oc
430 1707 499 1746 curn
520 1699 681 1768 appareret
694 1712 753 1751 non
772 1692 835 1751 sine
849 1713 961 1771 magna

69 1765 242 1826 multorum
261 1767 451 1827 consensione
465 1788 526 1828 esse
540 1770 664 1842 l'acturn,
679 1770 760 1850 quod
774 1791 834 1830 non
848 1773 888 1832 ad
901 1773 961 1851 pri·

69 1856 188 1920 vatam,
199 1846 251 1906 sed
264 1846 305 1906 ad
318 1846 472 1926 publicam
488 1869 550 1908 rem
561 1851 732 1929 pertineret,
743 1871 871 1935 magnus
884 1852 961 1912 mul·
975 1853 1015 1913 20

68 1926 200 1987 titudini
221 1926 312 1986 timor
334 1936 379 1988 est
400 1928 535 2007 injectus,
550 1951 588 1990 ne
609 1950 671 2009 qua
690 1933 847 2010 repentina
861 1932 907 1993 vis
927 1932 960 1991 in

68 2007 199 2068 civitate
209 2007 372 2079 exsisteret,
383 2027 460 2086 quae
472 2008 643 2101 libertatem
654 2012 836 2089 opprimeret
846 2012 960 2092 populi.

68 2086 145 2146 Hoc
172 2086 305 2146 maxime
332 2088 492 2148 convenire
519 2090 552 2148 in
574 2090 768 2151 Alcibiadem
789 2092 960 2167 videbatur,

69 2166 156 2247 quod
169 2174 201 2226 et
253 2166 363 2226 tentior
377 2175 407 2227 et
420 2169 517 2261 major
538 2190 630 2249 quam
650 2171 789 2250 privatus
809 2173 961 2235 existima·

69 2245 173 2306 batur.
249 2245 330 2306 ultos
350 2247 431 2307 enim
451 2248 635 2312 llberalitate
655 2252 843 2327 devinxerat,
858 2254 960 2333 plures
974 2255 1013 2316 25

67 2327 166 2387 etiam
184 2346 276 2404 opera
294 2326 405 2387 forensi
426 2348 494 2391 suos
519 2332 699 2393 reddiderat.
741 2334 846 2411 Quare
859 2335 959 2409 fiebat,

67 2415 106 2466 ut
128 2405 264 2465 omnium
283 2407 395 2480 oculm,
409 2410 654 2491 quotiescumque
671 2413 704 2472 in
720 2415 877 2493 publicum
894 2436 961 2495 pro·

67 2486 172 2557 disses
194 2486 233 2545 ad
253 2506 285 2546 se
305 2498 500 2563 converteret,
515 2510 613 2572 neque
629 2493 658 2553 ei
676 2514 734 2572 par
750 2496 910 2575 quisquam
927 2498 960 2556 in

67 2565 197 2627 civitate
218 2576 388 2644 poneretur,
429 2568 538 2650 Itaque
559 2593 622 2633 non
644 2574 743 2633 solum
764 2596 847 2654 spem
870 2577 903 2636 in
924 2597 959 2637 eo

66 2644 227 2706 habebant
254 2647 430 2722 maximam,
455 2651 506 2709 sed
535 2653 627 2712 etiam
656 2654 804 2730 timorem,
825 2657 906 2736 quod
929 2666 960 2718 et
974 2658 1012 2719 30

66 2725 173 2786 obesse
186 2725 353 2804 plurimum
367 2735 397 2788 et
433 2730 550 2791 rodesse
563 2742 690 2811 poterat
730 2735 960 2817 Aspergebatur

67 2806 164 2866 etiam
187 2805 323 2880 infamia,
348 2750 432 2887 quod
454 2810 487 2869 in
511 2812 678 2873 domo‘sua
699 2813 798 2876 facere
816 2820 959 2897 mysteria
1068 2892 1071 2897 ,

68 2884 245 2946 dicebatur:
280 2886 362 2965 quod
395 2890 480 2950 nefas
506 2901 572 2952 erat
598 2913 681 2954 more
708 2895 959 2973 Atheniensium

67 2965 163 3043 idque
177 2985 238 3025 non
252 2966 291 3026 ad
306 2967 492 3047 religionem,
506 2971 559 3031 sed
579 2973 619 3033 ad
640 2977 877 3055 conjurationem
894 2999 959 3059 per·

66 3044 167 3107 tinere
181 3045 421 3109 existimabatur.
972 3056 1012 3118 35

109 3122 168 3186 IV.
191 3123 262 3186 Hoc
275 3127 401 3188 crimine
415 3129 448 3188 in
462 3131 605 3192 concione
621 3133 661 3194 ab
680 3134 809 3196 inimicis
830 3138 958 3217 compel-

65 3203 202 3265 labatur.
244 3204 303 3265 Sed
328 3206 462 3270 instabat
484 3218 604 3289 tempus
628 3214 668 3273 ad
692 3215 807 3275 bellum
827 3218 958 3294 proficis-

66 3284 166 3346 cendi.
208 3283 248 3344 Id
267 3284 322 3345 ille
342 3286 472 3362 intuens,
486 3310 583 3366 neque
603 3292 745 3369 ignorans
763 3295 877 3352 civium
893 3315 958 3352 suo·

64 3382 138 3424 rum
163 3364 422 3490 qonspetudinem,
443 3369 627 3449 postulabat,
648 3371 674 3429 si
696 3370 771 3450 quid
794 3369 832 3426 de
853 3388 885 3429 se
908 3370 958 3448 agi

193 3468 229 3477 -
259 3455 333 3505 epos.
