2346 3704
138 140 181 206 52
414 156 627 205 cornum
656 157 849 206 Naroma.

190 315 371 394 imperatore
381 323 456 375 esset
466 315 582 387 datum,
593 314 656 374 sine
665 316 750 375 ducis
760 336 852 394 opera
865 314 908 375 sic
919 315 1080 378 ordinatae
1163 344 1164 347 ¹

190 394 393 466 consisterent,
407 404 442 455 ut
454 394 566 473 singuli
580 394 620 454 ab
633 395 812 474 peritissimo
826 396 1007 474 imperatore
1020 397 1079 457 dis-

191 474 281 554 positi
301 474 484 535 viderentur.
526 474 596 535 Hoc
623 475 756 535 exercitu
785 496 902 536 moram
926 476 1079 538 Lacedae

191 555 360 615 moniorum
382 555 551 627 interfecit3
571 556 652 634 quod
666 556 799 616 maxime
812 565 877 616 tota
891 556 1077 617 celebratum
1163 554 1164 583 ²

158 634 236 696 best
263 635 400 696 Graecia.
455 634 571 695 Iterum
598 636 702 696 eodem
729 635 810 696 bello
837 657 939 697 omnes
974 638 1077 715 copias

191 735 296 775 eorum
309 716 438 793 fugavit.
480 715 550 792 Quo
564 714 644 775 facto
658 735 801 794 magnam
814 716 942 795 adeptus
957 727 1001 776 est
1014 717 1077 795 glo

191 795 277 856 riam.
319 795 398 855 Cum
406 794 594 855 Artaxerxes
602 794 755 874 Aegyptio
767 796 830 874 regi
839 796 954 855 bellum
965 796 1077 857 inferre
1163 790 1164 807 ¹

191 874 298 948 voluit,
313 873 499 954 Iphicraten
520 875 559 935 ab
573 874 809 935 Atheniensibus
829 876 936 935 ducem
957 877 1076 954 petivit,
1163 950 1164 957 ἵ

192 975 282 1035 quem
302 956 476 1035 praeficeret
495 955 641 1015 exercitui
662 955 859 1027 conducticio,
873 956 958 1035 cujus
972 976 1076 1016 nume·
1163 960 1164 971 ¹

139 1037 178 1100 10
192 1057 243 1095 rus
256 1036 414 1097 duodecim
429 1035 547 1095 milium
561 1034 628 1094 fuit.
670 1035 770 1111 Quem
791 1035 913 1114 quidem
931 1037 974 1096 sic
993 1037 1077 1096 omni
1156 1030 1164 1044 ⁴

192 1115 353 1195 disciplina
366 1116 492 1176 militari
506 1115 646 1188 erudivit,
657 1124 700 1188 ut,
715 1116 969 1195 quemadmodum
984 1137 1078 1195 quon·
1163 1176 1164 1195 ,

192 1195 263 1256 dam
291 1196 422 1256 Fabiani
448 1195 560 1256 milites
587 1195 718 1255 Romani
745 1195 893 1275 appellati
923 1204 1002 1268 sunt,
1030 1197 1076 1257 sic

191 1276 412 1355 Iphicratenses
430 1276 512 1356 apud
527 1275 658 1337 Graecos
671 1275 703 1334 in
717 1296 836 1336 summa
848 1276 939 1336 laude
953 1276 1077 1336 fuerint.

192 1355 288 1429 Idem,
315 1355 448 1416 subsidio
481 1356 728 1417 Lacedaemoniis
761 1356 921 1435 profectus,
951 1356 1078 1434 Epami·
1163 1380 1164 1407 i

139 1437 177 1498 15
191 1437 310 1497 nondae
323 1436 490 1498 retardavit
503 1437 640 1515 impetus.
682 1435 764 1496 Nam
778 1436 836 1496 nisi
850 1437 913 1515 ejus
927 1436 1078 1496 adventus

191 1517 469 1596 appropinquasset,
479 1537 540 1576 non
554 1517 637 1595 prius
648 1515 785 1576 Thebani
798 1514 908 1595 Sparta
922 1515 1078 1577 abscessis·
1163 1560 1164 1595 ,

190 1606 265 1669 sent,
279 1618 372 1677 quarn
386 1606 506 1675 captam
520 1596 658 1656 incendio
673 1596 826 1656 delessent.
1163 1600 1164 1627 ³

231 1676 292 1736 HI.
314 1677 388 1738 Fuit
408 1685 510 1737 autem
530 1686 561 1737 et
580 1677 681 1737 animo
698 1697 808 1755 magno
825 1684 856 1736 et
874 1696 1006 1755 corpore,
1020 1676 1079 1736 im-

190 1758 401 1837 peratoriaque
420 1757 575 1829 formant
595 1757 659 1835 ipso
680 1766 802 1836 aspectu
823 1757 918 1818 cuivis
939 1757 1079 1836 injiceret
1163 1782 1164 1797 2

129 1840 177 1903 -20
190 1839 421 1899 admirationem
435 1837 490 1897 sui.
532 1837 591 1898 Sed
605 1837 637 1896 in
652 1837 755 1897 labore
769 1837 908 1897 remissus
920 1837 1009 1896 nimis
1023 1858 1079 1916 pa-

191 1940 318 1999 rumque
331 1918 457 1999 patiens,
471 1927 507 1979 ut
519 1917 731 1997 Theopompus
748 1918 910 1980 memoriae
923 1918 1078 1998 prodidit;

189 2000 286 2061 bonus
300 2021 372 2062 vero
386 2001 461 2062 civis
472 2000 590 2080 fideque
609 2020 727 2079 magna.
771 2000 861 2076 Quod
876 2021 945 2060 cum
959 1999 991 2058 in
1005 1997 1079 2059 aliis

189 2080 279 2142 rebus
299 2081 474 2154 declaravit,
490 2090 555 2141 tum
568 2080 700 2140 maxime
715 2080 747 2138 in
761 2080 916 2160 Amyntae
936 2079 1079 2140 Macedo
1163 2094 1164 2111 ¹

189 2161 238 2222 nis
256 2161 359 2225 liberis
379 2161 506 2222 tuendis.
548 2160 690 2238 Namque
710 2159 873 2239 Eurydice,
886 2169 983 2221 mater
1004 2159 1079 2220 Per·
1147 2162 1154 2171 '

137 2239 176 2302 25
190 2242 293 2301 diccae
312 2251 342 2302 et
363 2241 508 2320 Philippi,
523 2262 593 2300 cum
612 2240 660 2299 his
681 2240 797 2300 duobus
811 2241 920 2320 pueris,
935 2239 1078 2319 Amynta

190 2330 318 2394 mortuo,
335 2323 375 2382 ad
395 2319 580 2400 lphieratem
602 2320 737 2398 confugit
757 2321 880 2400 ejusque
899 2320 1006 2399 opibus
1025 2320 1078 2381 de
1163 2344 1164 2359 ¹

189 2401 273 2461 sensa
286 2410 338 2464 est.
380 2401 471 2462 Vixit
491 2402 530 2462 ad
549 2408 741 2472 senectutem,
756 2401 884 2493 placatis
903 2400 937 2460 in
957 2420 988 2460 se
1008 2420 1077 2462 suo·

189 2502 259 2541 rum
281 2482 394 2544 civium
416 2482 533 2542 animis.
575 2481 705 2541 Causam
734 2481 841 2560 capitis
867 2479 959 2541 semel
986 2481 1077 2553 dixit,
1163 2540 1164 2545 ,

189 2562 271 2623 bello
284 2563 397 2637 sociali,
411 2561 502 2622 simul
521 2582 590 2622 cum
604 2560 772 2635 Timotheo,
786 2581 879 2640 eoque
894 2560 1011 2639 judicio
1031 2570 1079 2621 est

136 2642 176 2705 30
190 2642 353 2703 absolutus.
404 2641 579 2702 Menesthea
606 2641 704 2701 fflium
731 2641 856 2720 reliquit
882 2661 921 2700 ex
948 2639 1079 2701 Thressa

189 2731 305 2795 natum,
315 2722 383 2782 Coti
393 2721 471 2800 regis
481 2721 552 2782 filia.
594 2721 624 2781 Is
636 2743 704 2781 cum
715 2722 961 2800 interrogaretur,
972 2729 1078 2780 utrum

211 2801 286 2861 luris
300 2811 417 2881 patrem
432 2810 599 2864 matremne
612 2801 740 2873 faceret3
762 2806 778 2833 “
787 2800 948 2875 Matrem,''
967 2801 1076 2880 inquit.

188 2823 227 2942 ld
249 2902 318 2942 cum
339 2880 478 2941 omnihus
499 2882 610 2941 mirum
624 2881 787 2954 videretur,
802 2885 818 2911 “
828 2880 900 2953 At,''
916 2879 978 2954 ille,
994 2886 1078 2940 “me-

189 2962 276 3037 rito‚''
300 2962 410 3041 inquit,
434 2964 451 2993 “
460 2961 546 3022 facio.
587 2961 669 3021 Nam
693 2969 789 3040 pater,
813 2970 962 3040 quantum
987 2961 1019 3020 in
1046 2980 1079 3020 se

136 3045 175 3106 35
188 3042 257 3135 fuit,
281 3043 430 3148 Thracem
457 3062 506 3102 me
532 3042 645 3121 genuit,
669 3050 775 3105 contra
802 3061 838 3104 ea
861 3049 958 3102 mater
982 3040 1079 3103 Athe
1163 3064 1164 3129 3

189 3141 331 3183 mensem.
