2288 3698
157 138 221 203 110
438 153 650 201 coauaarr
680 151 874 199 rarorrs.

209 308 298 368 rebus
323 308 476 379 Romanis,
499 307 675 385 remigravit
699 308 838 379 Romam,
862 315 897 367 ut
921 308 1032 386 opinor,
1054 308 1086 368 1.

209 387 299 447 Cotta
322 397 353 447 et
379 387 415 446 L.
440 386 592 465 Torquato
617 386 806 458 consulibus;
835 407 925 465 quern
950 387 1027 446 diem
1049 388 1087 446 sic

209 468 350 527 universa
370 467 476 528 civitas
497 466 729 526 Atheniensium
751 475 909 544 prosecuta
930 476 980 538 est,
996 475 1031 526 ut
1049 466 1086 525 la-

209 546 309 606 crimis
323 546 462 605 desiderii
477 545 573 606 futuri
588 546 721 605 dolorem
740 546 895 605 indicaret.

175 631 194 690 5
250 624 289 686 V.
317 624 462 685 Habebat
489 625 675 685 avunculum
704 625 742 702 Q.
766 624 949 701 Caecilium,
964 625 1084 704 equitem

209 704 391 776 Romanum,
419 705 599 765 familiarem
632 704 668 765 L.
696 704 830 778 Luculli,
858 705 991 777 divitem,
1018 704 1084 763 diffi

209 785 323 845 cillima
343 794 469 856 natura;
490 786 575 864 cnjus
589 785 631 844 sic
645 784 837 862 asperitatem
851 785 964 844 veritus
983 793 1033 856 est,
1046 791 1083 854 ut,

208 884 297 944 quern
321 885 409 926 nemo
433 865 511 925 ferre
534 873 641 943 posset,
665 862 755 942 hujus
778 864 842 923 sine
867 864 1024 924 offensione
1050 862 1083 922 cd

207 965 355 1006 summam
370 953 551 1004 senectutem
567 944 724 1003 retinuerit
735 943 982 1004 benevolentiam.
1023 943 1085 1019 Quo

155 1030 194 1092 10
208 1025 288 1086 facto
301 1023 374 1085 tulit
388 1024 508 1104 pietatis
521 1023 663 1083 fructum.
705 1023 853 1083 Caecilius
867 1025 947 1083 enirn
966 1024 1084 1083 moriens

208 1114 386 1166 testamento
399 1103 557 1183 adoptavit
578 1124 657 1175 eum,
671 1103 871 1182 heredemque
892 1105 964 1164 fecit
984 1124 1022 1163 ex
1042 1104 1086 1161 do
1133 1152 1134 1183 3

208 1186 331 1246 drante:
359 1205 402 1246 ex
443 1204 483 1243 ua
510 1183 676 1243 hereditate
702 1184 818 1262 accepit
842 1184 962 1244 circiter
985 1183 1084 1244 centies
1133 1188 1134 1259 l

207 1266 383 1327 sestertium.
454 1274 502 1324 rat
522 1273 618 1342 nupta
636 1283 719 1324 soror
732 1264 830 1323 Attici
845 1263 884 1339 Q.
898 1263 1000 1324 Tullio
1014 1263 1085 1324 Cice·
1133 1262 1134 1331 l

208 1346 291 1417 roni;
312 1364 420 1423 easque
434 1344 556 1422 nuptias
572 1343 616 1403 M.
631 1342 736 1404 Cicero
750 1343 936 1416 conciliarat,
951 1364 1020 1403 cum
1033 1363 1084 1422 quo

156 1430 195 1491 15
208 1445 228 1485 a
241 1424 481 1503 condiscipulatu
495 1423 619 1485 vivebat
633 1424 882 1502 conjunctissime,
891 1424 988 1485 multo
1003 1424 1085 1485 etiam

208 1504 388 1565 familiarius
399 1524 490 1583 quam
505 1524 574 1564 cum
586 1504 712 1579 Quinto,
723 1512 757 1564 nt
766 1503 899 1582 judicari
914 1505 1015 1583 possit,
1025 1503 1084 1582 plus

208 1585 240 1644 in
255 1584 389 1644 amicitia
403 1583 505 1645 valere
518 1584 747 1644 similitudinem
761 1604 880 1644 morum
895 1605 986 1663 quam
1000 1582 1084 1643 affini·

207 1673 310 1727 tatem.
352 1663 505 1725 Utebatur
528 1672 629 1724 autem
654 1664 760 1724 intime
783 1664 822 1739 Q.
847 1663 1019 1736 Hortensio,
1039 1661 1083 1741 qui

208 1745 255 1806 his
275 1744 460 1824 temporibus
480 1744 684 1824 principatum
706 1744 894 1822 eloquentiae
915 1744 1041 1816 tenebat,
1054 1750 1082 1801 ut

155 1831 194 1894 20
208 1825 338 1905 intelligi
352 1845 413 1885 non
435 1833 541 1904 posset,
555 1833 624 1885 uter
644 1844 714 1883 eum
736 1823 805 1901 plus
827 1823 976 1916 diligeret,
990 1822 1082 1884 Cicero
1132 1852 1133 1889 ς

208 1928 248 1968 an
266 1905 463 1967 Hortensius:
484 1913 514 1965 et
527 1905 568 1977 id,
583 1904 664 1982 quod
684 1912 749 1963 erat
769 1903 992 1977 difficillimum,
1005 1902 1083 1963 effici·

207 1988 286 2061 ebat,
309 1995 352 2062 ut,
376 1986 455 2046 inter
477 2005 551 2064 quos
574 1992 678 2043 tantae
701 1982 799 2042 laudis
823 1980 898 2043 esset
922 1982 1081 2052 aemulatio,
1132 1998 1133 2015 ¹

206 2067 294 2128 nulla
315 2066 512 2128 intercederet
532 2063 719 2136 obtrectatio,
740 2072 872 2142 essetque
894 2064 1002 2123 talium
1015 2061 1082 2123 viro
1131 2018 1133 2145 l

207 2168 275 2208 rum
289 2147 407 2286 copula.

154 2231 194 2293 25
248 2226 305 2289 VI.
344 2246 364 2285 n
379 2247 411 2287 re
425 2225 548 2307 publica
562 2225 605 2285 ita
619 2232 819 2295 estversatus,
834 2233 869 2283 ut
882 2244 999 2303 semper
1016 2222 1081 2301 opti·

207 2327 325 2368 marum
340 2307 474 2386 partium
494 2316 525 2366 et
544 2314 619 2365 esset
638 2314 669 2364 et
688 2305 920 2377 existimaretur,
935 2323 1027 2383 neque
1044 2312 1082 2361 ta-

207 2408 277 2448 men
300 2407 332 2448 se
355 2386 496 2449 civilibus
522 2385 665 2446 fluctibus
691 2384 900 2455 committeret,
925 2384 1003 2463 quod
1028 2401 1080 2441 nou

208 2467 303 2547 magis
324 2487 374 2527 eos
395 2466 427 2524 in
449 2487 505 2526 sua
527 2474 673 2545 potestate
691 2463 884 2524 existimabat
906 2485 976 2537 esse,
990 2463 1036 2543 qui
1054 2481 1081 2521 se

207 2548 254 2607 his
268 2547 426 2620 dedissent,
441 2566 532 2639 quam
547 2546 599 2624 qui
616 2544 775 2604 maritimis
791 2544 988 2622 jactarentur.
1026 2542 1081 2601 Ho

154 2631 193 2692 30
207 2647 294 2687 nores
308 2647 367 2686 non
381 2627 479 2706 peti1t,
490 2646 559 2686 curn
573 2625 601 2685 ei
615 2633 753 2703 paterent
767 2632 889 2703 propter
901 2623 950 2685 vel
964 2623 1080 2702 gratiam

207 2707 257 2769 vel
271 2705 470 2785 dignitatem
491 2705 572 2785 quod
586 2725 683 2783 neque
696 2703 759 2784 peti
773 2723 855 2763 more
875 2705 1021 2783 majorum
1039 2722 1080 2760 ue

208 2807 266 2866 que
287 2786 355 2866 capi
377 2795 496 2865 possent
520 2784 701 2845 conservatis
725 2783 841 2863 legibus
865 2785 898 2842 in
921 2793 984 2844 tam
1008 2781 1080 2843 effusi

207 2866 339 2928 ambitus
359 2865 579 2945 largitionibus,
596 2883 693 2941 neque
713 2864 776 2942 geri
798 2885 814 2923 e
835 2884 867 2923 re
887 2863 1080 2942 publicasine

207 2947 350 3027 periculo,
375 2946 523 3024 corruptis
551 2944 683 3004 civitatis
712 2943 853 3005 moribus.
895 2943 948 3005 Ad
976 2945 1079 3003 hastam

153 3030 192 3090 35
206 3027 361 3108 publicam
389 3046 555 3103 numquam
586 3022 716 3082 accessit.
768 3023 893 3084 Nullius
925 3024 968 3084 rei
997 3041 1079 3101 neque

206 3128 293 3184 praes
316 3125 412 3183 neque
435 3124 574 3182 manceps
597 3102 695 3161 factus
719 3112 770 3162 est.
812 3103 974 3164 Neminem
998 3121 1080 3181 neque

206 3205 259 3244 suo
280 3184 401 3243 nornine
420 3202 516 3260 neque
536 3180 723 3242 subscribens
744 3184 916 3255 accusavit;
939 3184 1032 3264 injus
1049 3182 1079 3241 de

206 3283 261 3321 sua
272 3283 304 3321 re
313 3280 480 3338 numquam
494 3261 530 3319 iit
540 3282 546 3330 ;
557 3259 707 3338 judicium
721 3261 842 3320 nullum
856 3263 974 3324 habuit.
1013 3261 1079 3323 Mul·

206 3347 305 3398 torum
327 3338 482 3397 consulum
504 3348 736 3416 praetorumque
755 3342 961 3417 praefecturas
980 3344 1080 3404 delatas
