2288 3698
251 165 283 214 n
310 165 560 215 POMPONIUS
588 167 779 216 ann1ons
948 146 1012 213 107

80 344 202 403 magnus
222 324 394 403 imperator,
408 333 438 385 et
457 324 624 404 probabilis
637 333 747 397 orator,
761 332 794 384 et·
804 322 959 402 cupidissi-

79 424 146 464 mus
167 405 334 465 litterarum
357 405 423 464 fuit.
466 405 607 480 Quarum
630 405 764 464 studium
785 404 840 464 etsi
860 404 958 464 senior

77 484 140 543 arri
161 494 250 556 uerat,
268 494 371 544 tamen
383 494 511 544 tantum
532 504 721 563 progressum
742 484 821 556 fecit,
841 494 957 544 utnon

76 505 164 623 facille
185 566 309 644 reperiri
336 564 438 642 possit,
463 584 560 641 neque
584 565 622 623 de
645 562 769 624 Graecis
796 584 893 643 neque
919 565 958 625 de

76 642 188 704 Italicis
208 645 305 717 rebus,
319 644 400 723 quod
420 643 448 703 ei
468 644 560 703 fuerit
580 644 775 722 incognitum.
816 644 867 704 Ab
888 645 958 705 ado
990 643 1010 704 5

74 721 213 785 lescentia
227 725 354 785 confecit
367 723 524 784 orationes.
567 722 666 783 Senex
676 723 816 783 historias
829 723 957 785 scribere

74 803 218 877 instituit;
239 825 342 865 earum
357 812 427 863 sunt
441 802 512 862 libri
527 812 649 882 septem.
691 802 811 862 Primus
825 803 957 865 continet

74 903 122 942 res
136 893 227 962 gestas
241 905 346 964 regum
360 883 465 962 populi
477 884 625 955 Romani;
645 883 793 943 secundus
803 892 833 943 et
843 884 957 956 tertius,

74 963 154 1022 unde
166 984 300 1043 quaeque
314 965 420 1025 civitas
434 972 501 1024 orta
521 964 560 1023 sit
581 962 707 1023 Italica:
729 964 768 1023 ob
781 983 873 1042 quam
894 984 957 1023 rem

73 1062 174 1103 omnes
187 1043 326 1123 Origines
335 1044 457 1106 videtur
471 1043 645 1122 appellasse.
688 1042 726 1103 In
738 1052 845 1122 quarto
856 1052 954 1102 autem
972 1045 1010 1106 10

72 1121 192 1186 bellum,
200 1124 363 1185 Poenicum
383 1133 428 1183 est
448 1125 598 1202 primum;
619 1124 651 1183 in
665 1124 770 1202 quinto
784 1123 956 1183 secuudum.

72 1200 174 1281 Atque
194 1205 267 1264 haec
281 1204 383 1264 omnia
396 1204 586 1282 capitulatim
600 1213 671 1264 sunt
685 1203 774 1264 dicta.
816 1203 957 1282 Reliqua·

72 1302 131 1360 que
145 1283 222 1344 bella
236 1284 405 1363 parimodo
422 1294 593 1362 persecutus
608 1293 759 1376 estusque
779 1283 818 1345 ad
839 1293 957 1362 praetu-

73 1382 139 1421 ram
158 1363 254 1424 Servii
275 1362 402 1437 Galbae,
420 1364 622 1443 quidiripnit
643 1362 812 1425 Lusltanos.
853 1364 957 1443 Atque

72 1441 180 1502 horum
196 1444 346 1504 bellorum
367 1443 457 1504 duces
478 1464 538 1504 non
559 1444 737 1517 nominavit,
751 1445 802 1505 sed
822 1444 886 1505 sine
906 1465 956 1505 no
971 1445 1009 1507 15

72 1523 203 1583 minibus
227 1544 274 1584 res
295 1525 421 1585 notavit.
463 1522 501 1583 In
525 1525 630 1584 iisdem
653 1524 800 1616 exposuit,
820 1544 897 1603 quae
924 1526 956 1584 in

72 1600 164 1663 Italia
178 1603 393 1682 Hispaniisque
408 1614 461 1663 aut
475 1604 581 1664 fierent
601 1613 655 1665 aut
668 1604 843 1666 vrderentur
863 1604 956 1664 admi-

32 1742 36 1751 ,
71 1683 176 1743 randa.
217 1683 255 1743 In
266 1683 375 1762 quibus
389 1684 486 1744 multa
501 1685 650 1744 industria
664 1693 694 1743 et
708 1683 866 1762 diligentia
879 1703 957 1743 oom-

22 1808 25 1816 .
70 1772 163 1839 paret,
185 1762 283 1823 multa
306 1763 451 1823 doctrina.
494 1763 597 1843 Hujus
620 1764 658 1823 de
681 1763 746 1824 vita
769 1772 800 1823 et
823 1762 956 1822 moribus

26 1912 30 1915 Α
68 1841 158 1919 plura
172 1843 204 1901 in
218 1863 253 1902 eo
267 1843 346 1902 libro
359 1844 507 1920 persecuti
521 1864 632 1915 sumus,
643 1863 732 1922 quem
746 1842 907 1919 separatim
919 1842 958 1901 ds
970 1845 1009 1906 20

70 1940 102 1980 eo
116 1922 242 1982 fecimus
257 1931 364 2000 rogatu
379 1922 440 1981 Titi
458 1922 618 2002 Pomponii
632 1922 738 1981 Attici.
779 1919 884 1996 Quare
896 1929 956 1981 stu-

68 1999 166 2063 diosos
180 2001 303 2063 Catonis
317 2002 357 2062 ad
370 2002 448 2063 illud
461 2003 606 2064 volumen
620 2001 801 2081 delegamus.

81 2445 210 2521 XXV.
250 2447 290 2521 Τ.
320 2447 659 2521 POMPONIUS
685 2448 938 2523 ATTICUS.

404 2611 619 2655 -οοζιοςοο-

106 2730 132 2795 L
168 2733 202 2796 T.
229 2733 423 2796 Postremus
451 2734 601 2808 Armene,
629 2734 668 2796 ab
695 2735 811 2816 origine
844 2737 954 2801 ultima

66 2812 170 2892 stirpis
197 2815 354 2875 Romanae
380 2824 547 2894 generatus,
571 2824 716 2894 perpetuo
743 2837 762 2877 a
789 2819 952 2898 majoribus

69 2903 223 2972 acceptam
258 2904 423 2974 equestrem
458 2895 590 2975 obtinuit
623 2895 810 2974 dignitatem.
861 2898 952 2958 Patre
966 2886 1005 2949 25

69 2988 138 3032 usus
158 2983 201 3034 est
215 2974 367 3053 diligente,
382 2974 566 3053 indulgente,
581 2984 619 3046 et,
634 2984 668 3036 ut
687 2984 754 3035 tum
774 2985 860 3036 erant
880 2985 952 3037 tem·

69 3067 152 3125 pora,
174 3054 239 3127 diti,
260 3055 292 3113 in
316 3055 480 3133 primisque
503 3054 635 3114 studioso
660 3054 838 3115 litterarum.
878 3055 951 3128 Hic,

71 3142 159 3204 prout
173 3134 235 3212 ipse
250 3135 372 3194 amabat
386 3134 510 3206 litteras,
524 3133 662 3194 omnibus
676 3134 828 3206 doctrinis,
843 3135 951 3213 quibus

70 3212 193 3284 puerilis
206 3223 288 3273 aetas
302 3213 450 3292 impertiri
464 3213 561 3284 debet,
574 3211 672 3271 filium
692 3213 833 3273 erudivit.
874 3214 951 3272 Erat

72 3296 171 3351 autem
191 3292 223 3352 in
243 3313 346 3372 puero,
360 3300 478 3372 praeter
498 3290 683 3350 docilitatem
698 3291 820 3366 ingenii,
834 3309 952 3349 summa
966 3291 1005 3349 30

70 3371 202 3434 suavitas
221 3374 281 3435 oris
301 3393 337 3433 ae
350 3372 441 3444 vocis,
454 3378 490 3431 ut
505 3389 566 3430 non
579 3367 677 3427 solum
691 3365 827 3426 celeriter
838 3365 952 3442 accipe-
