2346 3704
407 138 619 185 nuununs.
966 116 1007 180 sl

59 296 303 360 internecionem
330 303 399 376 post
418 292 590 355 Alexandri
613 301 742 354 mortem
768 298 853 372 gesta
875 297 955 365 sunt,

59 398 229 458 omnesque
242 383 460 438 concurrerunt
473 375 512 435 ad
525 373 702 435 Perdiccam
716 370 956 453 opprimendum.

60 457 168 535 Quem
193 458 250 518 etsi
273 456 428 517 infirmum
448 454 581 527 videbat,
602 453 684 532 quod
709 473 789 513 unus
816 451 956 513 omnibus

58 539 203 599 resistere
217 536 390 617 cogebatur,
403 544 505 596 tamen
519 533 652 594 amicum
672 554 733 593 non
753 532 893 607 desemit,
906 552 956 592 ne-

59 639 124 698 que
150 617 260 679 salutis
287 636 380 697 quam
402 614 472 675 fidei
496 614 557 674 fuit
579 613 725 693 cupidior.
766 612 956 673 Praefeoerat
988 611 1009 673 5

59 697 148 759 hunc
170 697 333 758 Perdiccas
353 694 382 756 ei
403 695 484 776 parti
504 693 607 767 Asiae,
621 714 699 774 quae
719 693 799 754 inter
819 693 956 753 Taurum

59 786 202 839 montem
219 779 302 857 jacet
323 784 416 856 atque
436 775 680 854 Hellespontum,
697 782 727 834 et
748 773 838 834 illurn
859 793 955 833 unum

60 866 249 938 opposuerat
276 855 443 935 Europaeis
470 854 667 927 advmsanis3
691 853 756 934 ipse
778 851 956 932 Aegyptum

61 946 278 1018 oppugnatum
305 936 449 999 adversus
476 934 684 996 Ptolemaemn
707 942 773 995 erat
795 932 954 1012 profectus.

61 1017 220 1079 Eumenes
247 1038 317 1078 cum
340 1036 438 1096 neque
460 1035 586 1094 magnas
609 1014 711 1094 copias
734 1032 832 1093 neque
853 1012 956 1075 firmas
970 1011 1010 1074 1o

62 1098 201 1172 haberet,
210 1099 292 1178 quod
302 1105 333 1159 et
343 1097 558 1157 inexercitatae
568 1104 599 1155 et
608 1115 670 1154 non
679 1093 778 1155 multo
789 1101 958 1155 anteerant

63 1187 250 1251 contractae,
264 1179 429 1239 adventare
449 1185 551 1236 autem
571 1175 744 1236 dicerentur
763 1172 957 1253 Hellespont

63 1279 180 1338 umque
200 1259 340 1318 transisse
360 1258 524 1336 Antipater
543 1265 574 1316 et
594 1255 736 1316 Craterus
755 1276 866 1334 magno
886 1274 957 1315 cum

63 1339 203 1399 exercitu
226 1338 437 1411 Macedonum,
457 1336 518 1398 viri
544 1356 614 1396 cum
641 1335 779 1397 claritate
805 1344 872 1396 tum
899 1355 956 1396 usu

63 1418 140 1479 belli
166 1426 352 1498 praestantes
377 1417 572 1491 (Macedones
591 1437 664 1478 vero
688 1416 799 1479 milites
821 1436 858 1477 ea
881 1414 1010 1476 turold

64 1507 155 1559 erant
181 1498 273 1571 fama,
302 1518 362 1576 qua
390 1518 471 1557 nuno
499 1496 631 1557 Romani
657 1497 814 1569 feruntur3
844 1498 955 1557 etenim

65 1599 186 1658 semper
208 1577 305 1639 habiti
327 1586 398 1638 sunt
411 1577 575 1650 fortissimi,
589 1577 643 1656 qui
664 1597 814 1637 summam
836 1576 956 1656 imperii

65 1658 273 1738 potirentur):
301 1657 453 1718 Eumenes
479 1656 678 1737 intelligebat,
699 1657 725 1717 si
753 1658 857 1735 copiae
883 1677 956 1717 suae

66 1747 253 1818 cognossent,
267 1738 411 1801 adversus
425 1758 499 1817 quos
513 1738 702 1810 ducerentur,
716 1758 777 1797 non
791 1736 880 1797 modo
893 1756 955 1796 non

65 1818 173 1892 ituras,
183 1819 235 1879 sed
249 1818 339 1879 simul
353 1839 423 1879 cum
437 1818 545 1879 nuntio
559 1818 737 1896 dilapsuras.
778 1815 888 1895 Itaque
897 1815 955 1876 hoo
969 1816 1010 1878 20

66 1901 131 1979 ejus
145 1900 205 1960 fuit
218 1898 484 1977 prudentissimum
505 1898 672 1970 consilium,
687 1906 721 1957 ut
735 1897 830 1958 deviis
844 1896 957 1957 itineri·

66 1980 125 2041 bus
135 1979 246 2039 milites
256 1980 388 2051 duceret,
396 1978 429 2037 in
437 1978 545 2059 quibus
554 1998 627 2039 vera
638 1977 743 2036 audire
753 1998 814 2037 non
827 1984 956 2056 possent,

66 2069 99 2120 et
112 2059 161 2119 his
173 2059 374 2138 persuaderet,
388 2079 419 2119 se
433 2067 537 2120 contra
551 2057 697 2138 quosdam
711 2056 855 2117 barbaros
868 2056 956 2135 profi·

67 2139 149 2200 cisci.
198 2138 307 2218 Itaque
333 2139 432 2200 tenuit
458 2139 515 2199 hoc
541 2137 729 2218 propositum
756 2146 787 2198 et
813 2137 897 2231 prius
923 2136 955 2197 in

67 2220 165 2281 aciem
178 2219 343 2280 exercitum
357 2219 465 2280 eduxit
477 2219 690 2298 proeliumque,
695 2217 853 2291 commis1t,
864 2237 955 2296 qnam
969 2216 1009 2278 25

67 2299 180 2360 milites
211 2298 259 2359 sui
284 2298 403 2372 scirent,
432 2319 500 2359 oum
528 2299 638 2378 quibus
664 2317 751 2359 arma
777 2298 954 2359 conferrent

68 2378 179 2441 Effecit
191 2379 282 2440 etiam
296 2378 374 2439 illud
388 2379 523 2440 locorum
536 2399 682 2458 praeoocu
704 2379 813 2452 atione,
827 2386 863 2439 ut
875 2379 956 2458 equi·

68 2469 137 2522 tatu
155 2459 255 2539 potius
275 2459 442 2533 dimicaret,
457 2479 516 2539 quo
536 2458 606 2539 plus
619 2400 751 2534 valolas,
764 2479 858 2541 quam
873 2460 956 2540 pedi·

68 2549 146 2613 tatu,
158 2559 218 2620 quo
233 2549 297 2600 erat
310 2539 448 2601 deterior.

110 2619 168 2682 IV.
200 2619 340 2696 Quorum
367 2620 513 2681 acerrimo
541 2640 688 2681 concursu
714 2640 785 2681 cum
811 2640 954 2700 magnam
969 2620 1009 2682 30

69 2708 186 2841 pprtem
206 2700 266 2760 diei
286 2708 362 2761 esset
381 2711 560 2779 pugnatum,
575 2700 658 2761 cadit
677 2699 820 2762 Craterus
840 2700 905 2761 dux
925 2711 956 2763 et

103 2779 292 2860 eoptolemus,
307 2780 359 2859 qui
379 2780 545 2841 secundum
565 2780 667 2842 locum
687 2780 806 2862 imperii
822 2781 954 2842 tenebat.

71 2860 148 2922 uum
167 2860 225 2921 hoc
245 2860 397 2921 concurrit
417 2860 480 2940 ipse
500 2861 659 2922 Eumenes
701 2860 766 2939 Qui
786 2881 856 2921 cum
876 2862 955 2921 inter
1064 2885 1070 2895 ·

71 2961 103 3002 se
115 2939 263 3019 complexi
283 2941 316 3001 in
336 2949 449 3002 terram
462 2961 502 3001 ex
515 2942 600 3021 equis
613 2941 799 3013 decidissent,
814 2950 849 3001 ut
865 2940 955 3001 facile

71 3020 198 3099 intelligi
215 3029 322 3100 posset,
337 3021 461 3081 inimica
480 3030 581 3082 mente
595 3021 780 3081 contendisse
793 3022 954 3100 animoque
968 3019 1007 3080 35

71 3101 164 3180 magis
177 3101 269 3161 etiam
283 3121 432 3181 pugnasse
452 3122 545 3180 quam
565 3121 697 3179 corpore,
712 3121 773 3161 nou
793 3100 877 3179 prius
897 3100 955 3159 dis·

72 3181 158 3242 tracti
177 3189 256 3254 sunt,
277 3200 370 3260 quam
393 3181 524 3241 alterum
548 3181 651 3241 anima
671 3180 861 3258 relinqueret.
901 3178 954 3239 Ab

72 3260 127 3322 hoc
147 3260 263 3339 aliquot
286 3260 384 3339 plagis
412 3260 564 3321 Eumenes
586 3260 774 3330 vulneratur,
799 3278 896 3335 neque
919 3278 954 3315 eo

72 3341 199 3466 magissse
231 3339 357 3466 lproelio
373 3341 508 3413 excessit,
527 3339 580 3400 sed
598 3338 698 3399 acrius
717 3338 817 3396 hostes
836 3334 954 3393 institit

190 3446 224 3454 -
256 3432 328 3481 θΡΟΒ.
