2346 3704
324 168 343 191 s
418 152 630 202 aerinas.
977 136 1016 199 ei

73 308 153 379 locis
175 318 274 371 castra
298 310 393 389 ponit,
414 319 449 372 ut
470 331 568 390 neque
591 308 744 371 circumiri
766 307 963 369 multitudine

73 391 322 451 adversariorum
349 400 447 469 posset
473 411 570 471 neque
596 390 746 469 impediri,
774 409 833 469 quo
863 389 964 449 minus

72 469 142 551 ipse
170 472 208 531 ad
237 471 444 531 dimicandum
472 490 597 531 manum
623 469 750 530 haberet
780 469 963 548 expeditam.

71 548 156 610 Erat
177 571 246 611 cum
267 571 302 611 eo
323 550 591 623 Mithrobarzanes,
607 570 690 610 socer
710 551 781 629 ejus,
795 549 964 628 praefectus

70 631 222 708 equitum.
256 630 305 703 ·Is,
316 631 479 709 desperatis
489 631 591 711 generi
602 630 698 702 rebus,
709 631 749 689 ad
760 630 857 689 hostes
868 639 963 690 trans-
997 631 1016 691 5

70 708 165 788 fugit.
207 710 245 770 Id
266 710 412 770 Datames
432 720 468 771 ut
488 710 615 783 audivit,
629 710 728 782 sensit,
742 710 767 769 si
787 710 819 768 in
840 709 963 770 turbam

71 791 195 863 exisset,
210 790 250 850 ab
263 790 385 850 homine
403 800 466 850 tam
483 790 647 852 necessario
668 810 699 849 se
719 790 867 863 relictum,
883 790 963 850 futu·

71 889 155 943 rum,
179 880 215 930 ut
242 870 332 930 ceteri
360 871 518 931 consilium
545 879 747 950 sequerentur.
788 870 825 929 In
850 870 962 948 vulgus

70 950 147 1022 edit,
161 971 216 1010 suo
232 951 319 1029 jussu
339 948 616 1011 Mithrobarzanem
635 950 803 1028 profectum
822 970 876 1028 pro
897 970 961 1028 per2

71 1027 158 1108 fuga,
169 1051 230 1109 quo
243 1030 363 1091 facilius
373 1039 509 1109 receptus
520 1031 699 1091 interficeret
709 1030 815 1090 hostes.
858 1030 962 1106 Quare
976 1031 1015 1092 10

71 1110 208 1190 relinqui
222 1131 292 1171 eum
306 1130 363 1189 par
376 1131 437 1169 non
451 1130 513 1170 esse
526 1120 556 1170 et
570 1130 672 1169 omnes
692 1109 848 1170 confestim
868 1110 960 1188 sequi.

73 1189 168 1266 Quod
193 1191 225 1252 si.
243 1191 345 1251 animo
368 1200 489 1250 strenuo
513 1190 659 1262 fecissent,
680 1189 827 1262 futurum,
852 1199 887 1250 ut
911 1190 961 1249 ad-

71 1271 202 1331 versarii
215 1291 276 1330 non
290 1279 409 1349 possent
423 1271 565 1343 resistere,
580 1291 649 1330 cum
663 1278 693 1330 et
706 1271 786 1330 intra
799 1270 917 1332 vallum
931 1280 962 1330 et

72 1349 146 1410 foris
157 1352 362 1411 caederentur.
404 1350 475 1411 Hae
485 1371 518 1410 re
528 1351 664 1429 probata,
675 1351 840 1410 exercitum
850 1351 960 1423 educit,

73 1429 355 1491 Mithrobarzanem
380 1432 569 1510 persequitur
592 1439 729 1504 tantum;
751 1431 802 1510 qui
827 1453 896 1491 cum
920 1432 961 1492 ad
976 1433 1014 1494 15

72 1509 174 1571 hostes
188 1521 376 1589 pervenerat,
392 1510 537 1571 Datames
555 1511 641 1590 signa
655 1511 759 1571 inferri
774 1512 870 1591 jubet.
912 1512 961 1571 Pi-

72 1591 158 1651 sidae
182 1612 263 1652 nova
288 1612 320 1651 re
344 1592 487 1652 commoti
508 1594 540 1650 in
562 1591 733 1670 opinionem
757 1592 960 1665 adducuntur,

73 1671 218 1750 perfugas
239 1672 322 1731 mala
342 1673 400 1732 fide
416 1673 643 1752 compositoque
662 1674 773 1745 fecisse,
795 1681 829 1732 ut
849 1673 960 1751 recepti

72 1753 183 1831 majori
204 1761 301 1812 essent
322 1752 497 1814 calamitati.
539 1753 677 1813 Primum
701 1774 750 1814 eos
773 1751 960 1813 adoriuntur.

72 1830 127 1892 Illi
142 1854 222 1906 cum,
238 1833 312 1913 quid
330 1844 470 1912 ageretur
486 1844 539 1895 aut
557 1855 651 1916 quare
671 1835 764 1906 fieret,
778 1834 960 1912 ignorarent,
975 1835 1015 1898 20

72 1915 172 1974 coacti
186 1924 258 1975 sunt
270 1936 339 1976 cum
354 1916 396 1976 eis
409 1936 553 1997 pugnare,
568 1917 608 1976 ad
627 1937 701 1995 quos
710 1914 906 1985 transierant,
921 1913 961 1974 ab

72 1994 172 2075 iisque
190 2005 279 2070 stare,
300 2017 374 2076 quos
395 1997 588 2076 reliquerant.
630 1996 839 2074 Quibuscum
860 1994 960 2053 neutri

72 2086 244 2156 parcerent,
265 2078 401 2138 celeriter
423 2087 494 2139 sunt
518 2076 636 2139 concisi.
679 2077 823 2157 Reliquos
844 2076 962 2137 Pisidas

73 2158 246 2218 resistentes
270 2158 415 2221 Datames
439 2159 575 2232 invadit3
601 2159 701 2253 primo
725 2159 840 2236 impetu
864 2156 960 2236 pellit,

72 2236 226 2317 fugientes
246 2239 443 2319 persequitur,
463 2241 576 2300 multos
599 2239 749 2312 mterficit,
774 2248 873 2300 castra
896 2237 961 2299 hos·
975 2242 1014 2303 25

72 2319 153 2378 tium
168 2319 259 2398 capit.
300 2319 369 2380 Tali
390 2321 514 2381 consilio
528 2342 589 2381 uno
603 2317 736 2401 tempore
750 2330 780 2381 et
793 2320 961 2399 proditores

72 2399 207 2477 perculit
226 2409 257 2460 et
276 2400 375 2461 hostes
396 2401 572 2481 profligavit
587 2411 626 2475 et,
640 2403 720 2482 quod
739 2402 779 2461 ad
796 2399 960 2480 perniciem

71 2498 162 2539 suam
190 2479 290 2541 firerat
318 2483 492 2560 cogitatum,
520 2482 552 2542 id
579 2484 619 2544 ad
646 2483 774 2543 salutem
802 2479 959 2542 convertit.

72 2559 146 2636 Quo
168 2579 266 2639 neque
286 2564 404 2622 acutius
423 2562 515 2623 ullius
529 2563 717 2642 imperatoris
731 2562 897 2643 cogitatum
911 2581 960 2621 ne·

70 2659 131 2719 que
146 2639 273 2699 celerius
286 2640 401 2701 factum
416 2663 542 2721 usquam
557 2642 691 2723 legimus.
974 2646 1013 2707 30

111 2719 190 2781 VII.
213 2718 265 2779 Ab
285 2721 342 2781 hoc
362 2730 464 2782 tamen
485 2723 551 2783 viro
572 2723 709 2796 Scismas,
729 2724 863 2784 maximo
883 2731 958 2785 natu

69 2797 163 2872 filius,
181 2798 286 2860 desciit
306 2801 346 2860 ad
366 2821 527 2881 regemque
545 2803 666 2864 transiit
687 2804 773 2864 etde
794 2804 960 2865 defectione

69 2879 169 2960 patris
190 2879 308 2940 detulit.
350 2881 422 2957 Quo
441 2883 548 2943 nuntio
568 2883 757 2943 Artaxerxes
784 2895 959 2959 commotus,

70 2958 155 3039 quod
169 2957 361 3038 intelligebat
374 2961 431 3021 sibi
445 2983 514 3022 cum
525 2962 591 3023 viro
606 2963 677 3023 forti
690 2984 726 3023 ac
740 2974 860 3025 strenuo
872 2985 958 3043 nego-

69 3040 150 3100 tium
179 3059 249 3111 emc,
275 3040 336 3118 qui,
361 3061 430 3100 cum
458 3043 623 3120 cogitasset,
652 3042 750 3103 facere
777 3044 902 3104 auderet
929 3053 959 3104 et
973 3045 1012 3104 35

70 3119 156 3198 prius
171 3119 304 3198 cogitare
323 3140 414 3199 quam
431 3122 534 3181 conari
554 3132 730 3194 consuesset,
744 3121 957 3200 Autophrada-

70 3208 133 3264 tem
146 3198 181 3257 in
195 3198 419 3277 Cappadociam
433 3201 536 3261 mittit.
576 3200 639 3260 Hic
659 3222 698 3262 ne
717 3202 831 3261 intrare
851 3211 957 3277 posset,

71 3279 195 3350 saltum,
209 3278 241 3336 in
263 3299 322 3358 quo
343 3279 468 3340 Ciliciae
487 3288 592 3358 portae
615 3288 688 3343 sunt
709 3281 792 3350 sitae,
813 3279 958 3337 Datames

70 3377 294 3441 praeoccupare
314 3359 439 3423 studuit.
480 3359 539 3422 Sed
561 3367 625 3421 tam
648 3358 748 3423 subito
770 3355 870 3435 copias
890 3374 958 3415 con,
