<?xml version="1.0" encoding="UTF-8"?>
<!DOCTYPE html PUBLIC "-//W3C//DTD XHTML 1.0 Transitional//EN"
    "http://www.w3.org/TR/xhtml1/DTD/xhtml1-transitional.dtd">
<html xmlns="http://www.w3.org/1999/xhtml" xml:lang="en" lang="en">
 <head>
  <title>
</title>
<meta http-equiv="Content-Type" content="text/html;charset=utf-8" />
  <meta name='ocr-system' content='tesseract 3.04.00' />
  <meta name='ocr-capabilities' content='ocr_page ocr_carea ocr_par ocr_line ocrx_word'/>
</head>
<body>
  <div class='ocr_page' id='page_1' title='image "./corneliinepotis00stuagoog_0044.png"; bbox 0 0 2346 3704; ppageno 0'>
   <div class='ocr_carea' id='block_1_1' title="bbox 416 143 1051 209">
    <p class='ocr_par' dir='ltr' id='par_1_1' title="bbox 416 143 1051 209">
     <span class='ocr_line' id='line_1_1' title="bbox 416 143 1051 209; baseline 0.002 -3"><span class='ocrx_word' id='word_1_1' title='bbox 416 160 692 209; x_wconf 69' lang='lat' dir='ltr'>rummiens.</span> <span class='ocrx_word' id='word_1_2' title='bbox 1007 143 1051 208; x_wconf 79' lang='grc'>39</span> 
     </span>
    </p>
   </div>
   <div class='ocr_carea' id='block_1_2' title="bbox 92 317 1049 3532">
    <p class='ocr_par' dir='ltr' id='par_1_2' title="bbox 98 317 1049 1606">
     <span class='ocr_line' id='line_1_2' title="bbox 98 317 995 399; baseline -0.007 -15"><span class='ocrx_word' id='word_1_3' title='bbox 98 341 206 384; x_wconf 85' lang='lat' dir='ltr'>casam</span> <span class='ocrx_word' id='word_1_4' title='bbox 219 341 300 395; x_wconf 89' lang='lat' dir='ltr'>eam,</span> <span class='ocrx_word' id='word_1_5' title='bbox 310 319 344 379; x_wconf 92' lang='lat' dir='ltr'>in</span> <span class='ocrx_word' id='word_1_6' title='bbox 358 338 418 399; x_wconf 91' lang='lat' dir='ltr'>qua</span> <span class='ocrx_word' id='word_1_7' title='bbox 428 318 608 398; x_wconf 76' lang='lat' dir='ltr'><strong>quiescebat,</strong></span> <span class='ocrx_word' id='word_1_8' title='bbox 620 338 745 397; x_wconf 89' lang='lat' dir='ltr'>eamque</span> <span class='ocrx_word' id='word_1_9' title='bbox 758 317 995 390; x_wconf 83' lang='lat' dir='ltr'>succenderunt;</span> 
     </span>
     <span class='ocr_line' id='line_1_3' title="bbox 99 399 997 480; baseline -0.004 -17"><span class='ocrx_word' id='word_1_10' title='bbox 99 411 138 463; x_wconf 91' lang='lat' dir='ltr'>ut</span> <span class='ocrx_word' id='word_1_11' title='bbox 158 402 303 462; x_wconf 90' lang='lat' dir='ltr'>incendio</span> <span class='ocrx_word' id='word_1_12' title='bbox 324 399 511 474; x_wconf 83' lang='lat' dir='ltr'>conficerent,</span> <span class='ocrx_word' id='word_1_13' title='bbox 532 421 621 480; x_wconf 87' lang='lat' dir='ltr'>quem</span> <span class='ocrx_word' id='word_1_14' title='bbox 642 420 735 459; x_wconf 90' lang='lat' dir='ltr'>manu</span> <span class='ocrx_word' id='word_1_15' title='bbox 755 399 890 478; x_wconf 87' lang='lat' dir='ltr'>superari</span> <span class='ocrx_word' id='word_1_16' title='bbox 911 419 997 479; x_wconf 86' lang='lat' dir='ltr'>posse</span> 
     </span>
     <span class='ocr_line' id='line_1_4' title="bbox 100 479 996 543; baseline -0.004 0"><span class='ocrx_word' id='word_1_17' title='bbox 100 482 295 543; x_wconf 89' lang='lat' dir='ltr'>diffidebant.</span> <span class='ocrx_word' id='word_1_18' title='bbox 337 480 397 541; x_wconf 92' lang='lat' dir='ltr'>Ille</span> <span class='ocrx_word' id='word_1_19' title='bbox 417 491 518 541; x_wconf 88' lang='lat' dir='ltr'>autem</span> <span class='ocrx_word' id='word_1_20' title='bbox 538 489 572 540; x_wconf 93' lang='lat' dir='ltr'>ut</span> <span class='ocrx_word' id='word_1_21' title='bbox 590 480 689 540; x_wconf 89' lang='lat' dir='ltr'>sonitu</span> <span class='ocrx_word' id='word_1_22' title='bbox 704 481 844 541; x_wconf 88' lang='lat' dir='ltr'>flammae</span> <span class='ocrx_word' id='word_1_23' title='bbox 858 489 902 540; x_wconf 86' lang='lat' dir='ltr'>est</span> <span class='ocrx_word' id='word_1_24' title='bbox 917 479 996 540; x_wconf 90' lang='lat' dir='ltr'>exci-</span> 
     </span>
     <span class='ocr_line' id='line_1_5' title="bbox 99 559 996 700; baseline -0.004 -77"><span class='ocrx_word' id='word_1_25' title='bbox 99 570 197 635; x_wconf 85' lang='lat' dir='ltr'>tatus,</span> <span class='ocrx_word' id='word_1_26' title='bbox 218 563 275 622; x_wconf 90' lang='lat' dir='ltr'>etsi</span> <span class='ocrx_word' id='word_1_27' title='bbox 297 561 417 700; x_wconf 63' lang='lat' dir='ltr'>pladius</span> <span class='ocrx_word' id='word_1_28' title='bbox 439 562 554 621; x_wconf 84' lang='lat' dir='ltr'>eierat</span> <span class='ocrx_word' id='word_1_29' title='bbox 575 561 749 635; x_wconf 90' lang='lat' dir='ltr'>subductus,</span> <span class='ocrx_word' id='word_1_30' title='bbox 769 560 928 622; x_wconf 85' lang='lat' dir='ltr'>familiaris</span> <span class='ocrx_word' id='word_1_31' title='bbox 948 559 996 620; x_wconf 89' lang='lat' dir='ltr'>sui</span> 
     </span>
     <span class='ocr_line' id='line_1_6' title="bbox 100 640 1049 722; baseline -0.003 -19"><span class='ocrx_word' id='word_1_32' title='bbox 100 642 250 703; x_wconf 78' lang='lat' dir='ltr'>subalare</span> <span class='ocrx_word' id='word_1_33' title='bbox 270 651 365 702; x_wconf 89' lang='lat' dir='ltr'>teum</span> <span class='ocrx_word' id='word_1_34' title='bbox 386 642 429 701; x_wconf 89' lang='lat' dir='ltr'>eri</span> <span class='ocrx_word' id='word_1_35' title='bbox 451 643 505 718; x_wconf 84' lang='lat' dir='ltr'>uit.</span> <span class='ocrx_word' id='word_1_36' title='bbox 548 641 689 722; x_wconf 80' lang='lat' dir='ltr'>Namque</span> <span class='ocrx_word' id='word_1_37' title='bbox 708 650 772 702; x_wconf 88' lang='lat' dir='ltr'>erat</span> <span class='ocrx_word' id='word_1_38' title='bbox 791 663 861 702; x_wconf 89' lang='lat' dir='ltr'>cum</span> <span class='ocrx_word' id='word_1_39' title='bbox 877 661 912 702; x_wconf 90' lang='lat' dir='ltr'>eo</span> <span class='ocrx_word' id='word_1_40' title='bbox 931 642 995 721; x_wconf 92' lang='lat' dir='ltr'>qui-</span> <span class='ocrx_word' id='word_1_41' title='bbox 1029 640 1049 700; x_wconf 83' lang='lat'>5</span> 
     </span>
     <span class='ocr_line' id='line_1_7' title="bbox 101 663 994 815; baseline -0.001 -32"><span class='ocrx_word' id='word_1_42' title='bbox 101 723 179 783; x_wconf 89' lang='lat' dir='ltr'>dam</span> <span class='ocrx_word' id='word_1_43' title='bbox 203 743 245 782; x_wconf 87' lang='lat' dir='ltr'>ex</span> <span class='ocrx_word' id='word_1_44' title='bbox 269 721 404 783; x_wconf 85' lang='lat' dir='ltr'>Arcadia</span> <span class='ocrx_word' id='word_1_45' title='bbox 430 663 546 815; x_wconf 77' lang='lat' dir='ltr'>hospes,</span> <span class='ocrx_word' id='word_1_46' title='bbox 570 723 623 802; x_wconf 94' lang='lat' dir='ltr'>qui</span> <span class='ocrx_word' id='word_1_47' title='bbox 650 743 816 801; x_wconf 86' lang='lat' dir='ltr'>numquam</span> <span class='ocrx_word' id='word_1_48' title='bbox 844 722 994 783; x_wconf 71' lang='lat' dir='ltr'>discedere</span> 
     </span>
     <span class='ocr_line' id='line_1_8' title="bbox 100 802 995 890; baseline -0.002 -26"><span class='ocrx_word' id='word_1_49' title='bbox 100 803 258 864; x_wconf 84' lang='lat' dir='ltr'>voluerat.</span> <span class='ocrx_word' id='word_1_50' title='bbox 299 802 393 888; x_wconf 83' lang='lat' dir='ltr'>Hunc</span> <span class='ocrx_word' id='word_1_51' title='bbox 413 823 499 890; x_wconf 81' lang='lat' dir='ltr'>seun</span> <span class='ocrx_word' id='word_1_52' title='bbox 518 823 549 863; x_wconf 89' lang='lat' dir='ltr'>se</span> <span class='ocrx_word' id='word_1_53' title='bbox 564 803 662 883; x_wconf 87' lang='lat' dir='ltr'>jubet,</span> <span class='ocrx_word' id='word_1_54' title='bbox 677 814 706 862; x_wconf 88' lang='lat' dir='ltr'>et</span> <span class='ocrx_word' id='word_1_55' title='bbox 722 803 754 862; x_wconf 91' lang='lat' dir='ltr'>id</span> <span class='ocrx_word' id='word_1_56' title='bbox 792 802 851 862; x_wconf 92' lang='lat' dir='ltr'>uod</span> <span class='ocrx_word' id='word_1_57' title='bbox 866 803 897 862; x_wconf 91' lang='lat' dir='ltr'>in</span> <span class='ocrx_word' id='word_1_58' title='bbox 912 821 995 881; x_wconf 90' lang='lat' dir='ltr'>prae-</span> 
     </span>
     <span class='ocr_line' id='line_1_9' title="bbox 102 882 995 963; baseline -0.002 -19"><span class='ocrx_word' id='word_1_59' title='bbox 102 884 206 944; x_wconf 88' lang='lat' dir='ltr'>sentia</span> <span class='ocrx_word' id='word_1_60' title='bbox 222 883 470 944; x_wconf 77' lang='lat' dir='ltr'>vestimentorum</span> <span class='ocrx_word' id='word_1_61' title='bbox 490 882 558 956; x_wconf 86' lang='lat' dir='ltr'>fuit,</span> <span class='ocrx_word' id='word_1_62' title='bbox 574 884 636 943; x_wconf 91' lang='lat' dir='ltr'>arri</span> <span class='ocrx_word' id='word_1_63' title='bbox 659 885 713 944; x_wconf 91' lang='lat' dir='ltr'>uit.</span> <span class='ocrx_word' id='word_1_64' title='bbox 790 883 814 942; x_wconf 91' lang='lat' dir='ltr'>is</span> <span class='ocrx_word' id='word_1_65' title='bbox 837 883 870 942; x_wconf 93' lang='lat' dir='ltr'>in</span> <span class='ocrx_word' id='word_1_66' title='bbox 894 883 995 963; x_wconf 85' lang='lat' dir='ltr'>ignem</span> 
     </span>
     <span class='ocr_line' id='line_1_10' title="bbox 102 905 995 1042; baseline -0.001 -19"><span class='ocrx_word' id='word_1_67' title='bbox 102 964 218 1042; x_wconf 86' lang='lat' dir='ltr'>ejectis,</span> <span class='ocrx_word' id='word_1_68' title='bbox 233 962 374 1024; x_wconf 88' lang='lat' dir='ltr'>flammae</span> <span class='ocrx_word' id='word_1_69' title='bbox 387 965 451 1025; x_wconf 87' lang='lat' dir='ltr'>vim</span> <span class='ocrx_word' id='word_1_70' title='bbox 465 964 593 1025; x_wconf 87' lang='lat' dir='ltr'>transiit.</span> <span class='ocrx_word' id='word_1_71' title='bbox 636 905 738 1041; x_wconf 43' lang='lat' dir='ltr'>{daem</span> <span class='ocrx_word' id='word_1_72' title='bbox 754 971 790 1023; x_wconf 91' lang='lat' dir='ltr'>ut</span> <span class='ocrx_word' id='word_1_73' title='bbox 809 963 931 1024; x_wconf 90' lang='lat' dir='ltr'>barbari</span> <span class='ocrx_word' id='word_1_74' title='bbox 952 964 995 1022; x_wconf 90' lang='lat' dir='ltr'>in-</span> 
     </span>
     <span class='ocr_line' id='line_1_11' title="bbox 102 1042 1047 1123; baseline -0.001 -19"><span class='ocrx_word' id='word_1_75' title='bbox 102 1043 251 1104; x_wconf 83' lang='lat' dir='ltr'>cendium</span> <span class='ocrx_word' id='word_1_76' title='bbox 265 1044 401 1123; x_wconf 86' lang='lat' dir='ltr'>effugisse</span> <span class='ocrx_word' id='word_1_77' title='bbox 414 1044 566 1116; x_wconf 80' lang='lat' dir='ltr'>viderunt,</span> <span class='ocrx_word' id='word_1_78' title='bbox 580 1044 648 1104; x_wconf 88' lang='lat' dir='ltr'>telis</span> <span class='ocrx_word' id='word_1_79' title='bbox 662 1044 779 1104; x_wconf 82' lang='lat' dir='ltr'>eminus</span> <span class='ocrx_word' id='word_1_80' title='bbox 792 1043 889 1102; x_wconf 88' lang='lat' dir='ltr'>missis</span> <span class='ocrx_word' id='word_1_81' title='bbox 907 1042 1047 1103; x_wconf 86' lang='lat' dir='ltr'>iuter-10</span> 
     </span>
     <span class='ocr_line' id='line_1_12' title="bbox 102 1123 994 1204; baseline 0 -21"><span class='ocrx_word' id='word_1_82' title='bbox 102 1123 246 1185; x_wconf 84' lang='lat' dir='ltr'>fecerunt</span> <span class='ocrx_word' id='word_1_83' title='bbox 259 1133 411 1204; x_wconf 80' lang='lat' dir='ltr'>caputque</span> <span class='ocrx_word' id='word_1_84' title='bbox 428 1124 553 1204; x_wconf 56' lang='lat' dir='ltr'>ejusmd</span> <span class='ocrx_word' id='word_1_85' title='bbox 568 1123 803 1185; x_wconf 81' lang='lat' dir='ltr'>Pharnabazum</span> <span class='ocrx_word' id='word_1_86' title='bbox 817 1123 994 1185; x_wconf 80' lang='lat' dir='ltr'>retulerunt</span> 
     </span>
     <span class='ocr_line' id='line_1_13' title="bbox 102 1203 995 1284; baseline 0.001 -20"><span class='ocrx_word' id='word_1_87' title='bbox 102 1203 152 1264; x_wconf 84' lang='lat' dir='ltr'>At</span> <span class='ocrx_word' id='word_1_88' title='bbox 174 1204 294 1277; x_wconf 89' lang='lat' dir='ltr'>mulier,</span> <span class='ocrx_word' id='word_1_89' title='bbox 309 1225 386 1284; x_wconf 88' lang='lat' dir='ltr'>quae</span> <span class='ocrx_word' id='word_1_90' title='bbox 407 1225 477 1265; x_wconf 90' lang='lat' dir='ltr'>cum</span> <span class='ocrx_word' id='word_1_91' title='bbox 497 1225 532 1265; x_wconf 88' lang='lat' dir='ltr'>eo</span> <span class='ocrx_word' id='word_1_92' title='bbox 549 1206 652 1266; x_wconf 84' lang='lat' dir='ltr'>vivere</span> <span class='ocrx_word' id='word_1_93' title='bbox 673 1213 839 1277; x_wconf 86' lang='lat' dir='ltr'>consuerat,</span> <span class='ocrx_word' id='word_1_94' title='bbox 853 1204 995 1265; x_wconf 89' lang='lat' dir='ltr'>muliebri</span> 
     </span>
     <span class='ocr_line' id='line_1_14' title="bbox 102 1284 996 1368; baseline 0.002 -25"><span class='ocrx_word' id='word_1_95' title='bbox 102 1305 162 1343; x_wconf 89' lang='lat' dir='ltr'>sua</span> <span class='ocrx_word' id='word_1_96' title='bbox 177 1293 259 1345; x_wconf 87' lang='lat' dir='ltr'>veste</span> <span class='ocrx_word' id='word_1_97' title='bbox 280 1293 450 1346; x_wconf 87' lang='lat' dir='ltr'>contectum</span> <span class='ocrx_word' id='word_1_98' title='bbox 470 1284 599 1345; x_wconf 89' lang='lat' dir='ltr'>aedificii</span> <span class='ocrx_word' id='word_1_99' title='bbox 614 1284 753 1368; x_wconf 69' lang='lat' dir='ltr'>incendio</span> <span class='ocrx_word' id='word_1_100' title='bbox 767 1293 920 1345; x_wconf 87' lang='lat' dir='ltr'>mortuum</span> <span class='ocrx_word' id='word_1_101' title='bbox 935 1306 996 1345; x_wconf 90' lang='lat' dir='ltr'>cre·</span> 
     </span>
     <span class='ocr_line' id='line_1_15' title="bbox 102 1365 995 1445; baseline 0.002 -21"><span class='ocrx_word' id='word_1_102' title='bbox 102 1365 215 1438; x_wconf 88' lang='lat' dir='ltr'>mavit,</span> <span class='ocrx_word' id='word_1_103' title='bbox 249 1366 309 1425; x_wconf 91' lang='lat' dir='ltr'>uod</span> <span class='ocrx_word' id='word_1_104' title='bbox 323 1365 363 1425; x_wconf 87' lang='lat' dir='ltr'>ad</span> <span class='ocrx_word' id='word_1_105' title='bbox 377 1366 484 1428; x_wconf 86' lang='lat' dir='ltr'>vivum</span> <span class='ocrx_word' id='word_1_106' title='bbox 502 1365 737 1426; x_wconf 88' lang='lat' dir='ltr'>interimendum</span> <span class='ocrx_word' id='word_1_107' title='bbox 757 1374 822 1426; x_wconf 90' lang='lat' dir='ltr'>erat</span> <span class='ocrx_word' id='word_1_108' title='bbox 842 1386 995 1445; x_wconf 88' lang='lat' dir='ltr'>compara·</span> 
     </span>
     <span class='ocr_line' id='line_1_16' title="bbox 102 1429 1049 1528; baseline 0 -22"><span class='ocrx_word' id='word_1_109' title='bbox 102 1429 184 1508; x_wconf 70' lang='lat' dir='ltr'>runt</span> <span class='ocrx_word' id='word_1_110' title='bbox 260 1446 288 1505; x_wconf 74' lang='lat' dir='ltr'>a</span> <span class='ocrx_word' id='word_1_111' title='bbox 316 1435 493 1507; x_wconf 67' lang='lat' dir='ltr'>Alcibiades·</span> <span class='ocrx_word' id='word_1_112' title='bbox 524 1466 620 1506; x_wconf 73' lang='lat' dir='ltr'>annos</span> <span class='ocrx_word' id='word_1_113' title='bbox 646 1447 766 1509; x_wconf 66' lang='lat' dir='ltr'>enarer</span> <span class='ocrx_word' id='word_1_114' title='bbox 793 1446 995 1528; x_wconf 72' lang='lat' dir='ltr'>quadraginta</span> <span class='ocrx_word' id='word_1_115' title='bbox 1010 1447 1049 1507; x_wconf 83' lang='lat'>15</span> 
     </span>
     <span class='ocr_line' id='line_1_17' title="bbox 102 1526 597 1606; baseline 0.006 -21"><span class='ocrx_word' id='word_1_116' title='bbox 102 1535 198 1586; x_wconf 88' lang='lat' dir='ltr'>natus</span> <span class='ocrx_word' id='word_1_117' title='bbox 219 1526 299 1586; x_wconf 91' lang='lat' dir='ltr'>diem</span> <span class='ocrx_word' id='word_1_118' title='bbox 319 1526 394 1587; x_wconf 89' lang='lat' dir='ltr'>obiit</span> <span class='ocrx_word' id='word_1_119' title='bbox 413 1546 597 1606; x_wconf 89' lang='lat' dir='ltr'>supremum.</span> 
     </span>
    </p>

    <p class='ocr_par' dir='ltr' id='par_1_3' title="bbox 92 1606 1048 2572">
     <span class='ocr_line' id='line_1_18' title="bbox 148 1606 995 1689; baseline 0.001 -23"><span class='ocrx_word' id='word_1_120' title='bbox 148 1606 210 1666; x_wconf 91' lang='lat' dir='ltr'>XI.</span> <span class='ocrx_word' id='word_1_121' title='bbox 232 1606 326 1666; x_wconf 89' lang='lat' dir='ltr'>Hunc</span> <span class='ocrx_word' id='word_1_122' title='bbox 340 1607 522 1678; x_wconf 86' lang='lat' dir='ltr'>infamatum</span> <span class='ocrx_word' id='word_1_123' title='bbox 539 1629 558 1669; x_wconf 88' lang='lat' dir='ltr'>a</span> <span class='ocrx_word' id='word_1_124' title='bbox 572 1606 803 1689; x_wconf 75' lang='lat' dir='ltr'>plerisque-tres</span> <span class='ocrx_word' id='word_1_125' title='bbox 823 1606 995 1687; x_wconf 84' lang='lat' dir='ltr'>gravissimi</span> 
     </span>
     <span class='ocr_line' id='line_1_19' title="bbox 102 1686 994 1768; baseline 0.002 -22"><span class='ocrx_word' id='word_1_126' title='bbox 102 1687 243 1746; x_wconf 81' lang='lat' dir='ltr'>historici</span> <span class='ocrx_word' id='word_1_127' title='bbox 266 1687 391 1747; x_wconf 90' lang='lat' dir='ltr'>summis</span> <span class='ocrx_word' id='word_1_128' title='bbox 414 1687 558 1749; x_wconf 85' lang='lat' dir='ltr'>laudibus</span> <span class='ocrx_word' id='word_1_129' title='bbox 579 1686 771 1749; x_wconf 87' lang='lat' dir='ltr'>extulerunt:</span> <span class='ocrx_word' id='word_1_130' title='bbox 792 1687 994 1768; x_wconf 84' lang='lat' dir='ltr'>Thucydides,</span> 
     </span>
     <span class='ocr_line' id='line_1_20' title="bbox 103 1766 995 1848; baseline 0.001 -22"><span class='ocrx_word' id='word_1_131' title='bbox 103 1766 162 1847; x_wconf 92' lang='lat' dir='ltr'>qui</span> <span class='ocrx_word' id='word_1_132' title='bbox 183 1767 315 1846; x_wconf 85' lang='lat' dir='ltr'>ejusdem</span> <span class='ocrx_word' id='word_1_133' title='bbox 335 1766 443 1827; x_wconf 89' lang='lat' dir='ltr'>aetatis</span> <span class='ocrx_word' id='word_1_134' title='bbox 463 1767 537 1841; x_wconf 79' lang='lat' dir='ltr'>fuit;</span> <span class='ocrx_word' id='word_1_135' title='bbox 558 1767 779 1848; x_wconf 83' lang='lat' dir='ltr'>Theopompus,</span> <span class='ocrx_word' id='word_1_136' title='bbox 813 1769 846 1828; x_wconf 94' lang='lat' dir='ltr'>ui</span> <span class='ocrx_word' id='word_1_137' title='bbox 860 1776 927 1847; x_wconf 90' lang='lat' dir='ltr'>post</span> <span class='ocrx_word' id='word_1_138' title='bbox 941 1769 995 1828; x_wconf 92' lang='lat' dir='ltr'>ali·</span> 
     </span>
     <span class='ocr_line' id='line_1_21' title="bbox 103 1789 1048 1929; baseline 0.003 -23"><span class='ocrx_word' id='word_1_139' title='bbox 103 1856 222 1927; x_wconf 86' lang='lat' dir='ltr'>quanto</span> <span class='ocrx_word' id='word_1_140' title='bbox 240 1856 339 1920; x_wconf 77' lang='lat' dir='ltr'>nattis,</span> <span class='ocrx_word' id='word_1_141' title='bbox 352 1855 383 1908; x_wconf 93' lang='lat' dir='ltr'>et</span> <span class='ocrx_word' id='word_1_142' title='bbox 396 1847 553 1921; x_wconf 55' lang='lat' dir='ltr'>Timaeus:</span> <span class='ocrx_word' id='word_1_143' title='bbox 574 1849 626 1929; x_wconf 93' lang='lat' dir='ltr'>qui</span> <span class='ocrx_word' id='word_1_144' title='bbox 648 1850 769 1928; x_wconf 92' lang='lat' dir='ltr'>quidem</span> <span class='ocrx_word' id='word_1_145' title='bbox 790 1789 851 1909; x_wconf 79' lang='lat' dir='ltr'>duo</span> <span class='ocrx_word' id='word_1_146' title='bbox 871 1847 994 1908; x_wconf 88' lang='lat' dir='ltr'>maledi·</span> <span class='ocrx_word' id='word_1_147' title='bbox 1009 1849 1048 1909; x_wconf 80' lang='lat'>20</span> 
     </span>
     <span class='ocr_line' id='line_1_22' title="bbox 102 1910 994 2007; baseline -0.001 -20"><span class='ocrx_word' id='word_1_148' title='bbox 102 1927 279 2000; x_wconf 80' lang='lat' dir='ltr'>cautissimi,</span> <span class='ocrx_word' id='word_1_149' title='bbox 300 1928 399 1989; x_wconf 87' lang='lat' dir='ltr'>nescio</span> <span class='ocrx_word' id='word_1_150' title='bbox 423 1949 483 2007; x_wconf 87' lang='lat' dir='ltr'>quo</span> <span class='ocrx_word' id='word_1_151' title='bbox 504 1910 606 2003; x_wconf 60' lang='lat' dir='ltr'>modo,</span> <span class='ocrx_word' id='word_1_152' title='bbox 627 1930 660 1989; x_wconf 90' lang='lat' dir='ltr'>in</span> <span class='ocrx_word' id='word_1_153' title='bbox 680 1929 735 1990; x_wconf 89' lang='lat' dir='ltr'>illo</span> <span class='ocrx_word' id='word_1_154' title='bbox 754 1949 815 1989; x_wconf 91' lang='lat' dir='ltr'>uno</span> <span class='ocrx_word' id='word_1_155' title='bbox 840 1927 994 1988; x_wconf 86' lang='lat' dir='ltr'>laudando</span> 
     </span>
     <span class='ocr_line' id='line_1_23' title="bbox 103 2006 994 2089; baseline -0.001 -21"><span class='ocrx_word' id='word_1_156' title='bbox 103 2006 305 2068; x_wconf 82' lang='lat' dir='ltr'>consciorunt.</span> <span class='ocrx_word' id='word_1_157' title='bbox 346 2007 488 2089; x_wconf 88' lang='lat' dir='ltr'>Namque</span> <span class='ocrx_word' id='word_1_158' title='bbox 514 2030 560 2082; x_wconf 88' lang='lat' dir='ltr'>ea,</span> <span class='ocrx_word' id='word_1_159' title='bbox 581 2030 659 2088; x_wconf 91' lang='lat' dir='ltr'>quae</span> <span class='ocrx_word' id='word_1_160' title='bbox 683 2029 775 2087; x_wconf 89' lang='lat' dir='ltr'>supra</span> <span class='ocrx_word' id='word_1_161' title='bbox 795 2008 938 2081; x_wconf 81' lang='lat' dir='ltr'>diximus,</span> <span class='ocrx_word' id='word_1_162' title='bbox 956 2007 994 2068; x_wconf 92' lang='lat' dir='ltr'>de</span> 
     </span>
     <span class='ocr_line' id='line_1_24' title="bbox 102 2088 994 2169; baseline -0.001 -20"><span class='ocrx_word' id='word_1_163' title='bbox 102 2107 142 2149; x_wconf 83' lang='lat' dir='ltr'>eo</span> <span class='ocrx_word' id='word_1_164' title='bbox 163 2088 385 2166; x_wconf 85' lang='lat' dir='ltr'>praedicarunt,</span> <span class='ocrx_word' id='word_1_165' title='bbox 405 2098 497 2169; x_wconf 88' lang='lat' dir='ltr'>atque</span> <span class='ocrx_word' id='word_1_166' title='bbox 516 2089 574 2150; x_wconf 88' lang='lat' dir='ltr'>hoc</span> <span class='ocrx_word' id='word_1_167' title='bbox 595 2089 739 2168; x_wconf 90' lang='lat' dir='ltr'>amplius:</span> <span class='ocrx_word' id='word_1_168' title='bbox 764 2110 834 2150; x_wconf 88' lang='lat' dir='ltr'>eum</span> <span class='ocrx_word' id='word_1_169' title='bbox 854 2088 994 2163; x_wconf 85' lang='lat' dir='ltr'>Athenis,</span> 
     </span>
     <span class='ocr_line' id='line_1_25' title="bbox 102 2167 993 2251; baseline 0.004 -25"><span class='ocrx_word' id='word_1_170' title='bbox 102 2167 349 2247; x_wconf 88' lang='lat' dir='ltr'>splendidissima</span> <span class='ocrx_word' id='word_1_171' title='bbox 362 2169 599 2244; x_wconf 73' lang='lat' dir='ltr'>eivitate,natus</span> <span class='ocrx_word' id='word_1_172' title='bbox 618 2179 701 2242; x_wconf 83' lang='lat' dir='ltr'>esset,</span> <span class='ocrx_word' id='word_1_173' title='bbox 716 2190 817 2249; x_wconf 77' lang='lat' dir='ltr'>omues</span> <span class='ocrx_word' id='word_1_174' title='bbox 833 2169 993 2251; x_wconf 90' lang='lat' dir='ltr'>splendore</span> 
     </span>
     <span class='ocr_line' id='line_1_26' title="bbox 102 2247 1047 2330; baseline 0.003 -21"><span class='ocrx_word' id='word_1_175' title='bbox 102 2267 144 2309; x_wconf 85' lang='lat' dir='ltr'>ae</span> <span class='ocrx_word' id='word_1_176' title='bbox 158 2247 307 2327; x_wconf 86' lang='lat' dir='ltr'>dignitate</span> <span class='ocrx_word' id='word_1_177' title='bbox 321 2269 475 2328; x_wconf 88' lang='lat' dir='ltr'>superasse</span> <span class='ocrx_word' id='word_1_178' title='bbox 483 2249 584 2323; x_wconf 78' lang='lat' dir='ltr'>vitae3</span> <span class='ocrx_word' id='word_1_179' title='bbox 597 2260 758 2330; x_wconf 87' lang='lat' dir='ltr'>postquam</span> <span class='ocrx_word' id='word_1_180' title='bbox 768 2250 839 2310; x_wconf 91' lang='lat' dir='ltr'>inde</span> <span class='ocrx_word' id='word_1_181' title='bbox 849 2251 993 2329; x_wconf 87' lang='lat' dir='ltr'>expulsus</span> <span class='ocrx_word' id='word_1_182' title='bbox 1007 2251 1047 2312; x_wconf 84' lang='lat'>25</span> 
     </span>
     <span class='ocr_line' id='line_1_27' title="bbox 102 2326 993 2416; baseline 0.003 -28"><span class='ocrx_word' id='word_1_183' title='bbox 102 2326 226 2389; x_wconf 82' lang='lat' dir='ltr'>Thebas</span> <span class='ocrx_word' id='word_1_184' title='bbox 249 2330 376 2402; x_wconf 79' lang='lat' dir='ltr'>venerit,</span> <span class='ocrx_word' id='word_1_185' title='bbox 400 2330 475 2390; x_wconf 90' lang='lat' dir='ltr'>adeo</span> <span class='ocrx_word' id='word_1_186' title='bbox 502 2330 611 2392; x_wconf 87' lang='lat' dir='ltr'>studiis</span> <span class='ocrx_word' id='word_1_187' title='bbox 637 2351 741 2416; x_wconf 76' lang='lat' dir='ltr'>eorum</span> <span class='ocrx_word' id='word_1_188' title='bbox 767 2330 933 2404; x_wconf 87' lang='lat' dir='ltr'>inservisse,</span> <span class='ocrx_word' id='word_1_189' title='bbox 958 2340 993 2391; x_wconf 88' lang='lat' dir='ltr'>ut</span> 
     </span>
     <span class='ocr_line' id='line_1_28' title="bbox 101 2408 993 2505; baseline 0.001 -36"><span class='ocrx_word' id='word_1_190' title='bbox 101 2429 195 2469; x_wconf 89' lang='lat' dir='ltr'>nemo</span> <span class='ocrx_word' id='word_1_191' title='bbox 215 2429 286 2470; x_wconf 89' lang='lat' dir='ltr'>eum</span> <span class='ocrx_word' id='word_1_192' title='bbox 305 2408 410 2470; x_wconf 90' lang='lat' dir='ltr'>labore</span> <span class='ocrx_word' id='word_1_193' title='bbox 429 2412 622 2493; x_wconf 84' lang='lat' dir='ltr'>corporisque</span> <span class='ocrx_word' id='word_1_194' title='bbox 638 2410 755 2474; x_wconf 85' lang='lat' dir='ltr'>viribus</span> <span class='ocrx_word' id='word_1_195' title='bbox 774 2420 873 2505; x_wconf 88' lang='lat' dir='ltr'>posset</span> <span class='ocrx_word' id='word_1_196' title='bbox 893 2412 993 2492; x_wconf 57' lang='lat' dir='ltr'>aequi:</span> 
     </span>
     <span class='ocr_line' id='line_1_29' title="bbox 92 2488 993 2572; baseline 0.002 -22"><span class='ocrx_word' id='word_1_197' title='bbox 92 2510 216 2571; x_wconf 60' lang='lat' dir='ltr'>¹parare</span> <span class='ocrx_word' id='word_1_198' title='bbox 231 2488 349 2564; x_wconf 90' lang='lat' dir='ltr'>(omnes</span> <span class='ocrx_word' id='word_1_199' title='bbox 363 2490 444 2551; x_wconf 88' lang='lat' dir='ltr'>enim</span> <span class='ocrx_word' id='word_1_200' title='bbox 458 2490 576 2552; x_wconf 88' lang='lat' dir='ltr'>Boeotii</span> <span class='ocrx_word' id='word_1_201' title='bbox 592 2492 689 2572; x_wconf 84' lang='lat' dir='ltr'>magis</span> <span class='ocrx_word' id='word_1_202' title='bbox 708 2491 846 2552; x_wconf 80' lang='lat' dir='ltr'>firmitati</span> <span class='ocrx_word' id='word_1_203' title='bbox 860 2492 993 2571; x_wconf 87' lang='lat' dir='ltr'>eorporis</span> 
     </span>
    </p>

    <p class='ocr_par' dir='ltr' id='par_1_4' title="bbox 103 2570 1046 3532">
     <span class='ocr_line' id='line_1_30' title="bbox 127 2570 992 2653; baseline 0.003 -24"><span class='ocrx_word' id='word_1_204' title='bbox 127 2590 199 2630; x_wconf 92' lang='lat' dir='ltr'>uam</span> <span class='ocrx_word' id='word_1_205' title='bbox 223 2570 338 2649; x_wconf 84' lang='lat' dir='ltr'>ingenii</span> <span class='ocrx_word' id='word_1_206' title='bbox 365 2571 497 2631; x_wconf 87' lang='lat' dir='ltr'>acumini</span> <span class='ocrx_word' id='word_1_207' title='bbox 522 2571 724 2647; x_wconf 84' lang='lat' dir='ltr'>inserviunt);</span> <span class='ocrx_word' id='word_1_208' title='bbox 752 2572 881 2633; x_wconf 88' lang='lat' dir='ltr'>eundem</span> <span class='ocrx_word' id='word_1_209' title='bbox 909 2572 992 2653; x_wconf 89' lang='lat' dir='ltr'>apud</span> 
     </span>
     <span class='ocr_line' id='line_1_31' title="bbox 211 2650 1046 2731; baseline 0.006 -20"><span class='ocrx_word' id='word_1_210' title='bbox 211 2650 370 2724; x_wconf 85' lang='lat' dir='ltr'>aemonius,</span> <span class='ocrx_word' id='word_1_211' title='bbox 392 2672 520 2731; x_wconf 91' lang='lat' dir='ltr'>quorum</span> <span class='ocrx_word' id='word_1_212' title='bbox 544 2652 678 2712; x_wconf 90' lang='lat' dir='ltr'>moribus</span> <span class='ocrx_word' id='word_1_213' title='bbox 702 2673 821 2713; x_wconf 88' lang='lat' dir='ltr'>summa</span> <span class='ocrx_word' id='word_1_214' title='bbox 840 2653 937 2714; x_wconf 83' lang='lat' dir='ltr'>virtus</span> <span class='ocrx_word' id='word_1_215' title='bbox 959 2654 992 2713; x_wconf 89' lang='lat' dir='ltr'>in</span> <span class='ocrx_word' id='word_1_216' title='bbox 1006 2654 1046 2717; x_wconf 86' lang='lat'>30</span> 
     </span>
     <span class='ocr_line' id='line_1_32' title="bbox 103 2730 992 2813; baseline 0.002 -23"><span class='ocrx_word' id='word_1_217' title='bbox 103 2730 255 2811; x_wconf 90' lang='lat' dir='ltr'>patientia</span> <span class='ocrx_word' id='word_1_218' title='bbox 268 2731 445 2810; x_wconf 87' lang='lat' dir='ltr'>ponebatur,</span> <span class='ocrx_word' id='word_1_219' title='bbox 459 2732 502 2792; x_wconf 89' lang='lat' dir='ltr'>sic</span> <span class='ocrx_word' id='word_1_220' title='bbox 516 2732 647 2793; x_wconf 87' lang='lat' dir='ltr'>duritiae</span> <span class='ocrx_word' id='word_1_221' title='bbox 666 2754 698 2793; x_wconf 91' lang='lat' dir='ltr'>se</span> <span class='ocrx_word' id='word_1_222' title='bbox 714 2733 837 2805; x_wconf 88' lang='lat' dir='ltr'>dedisse,</span> <span class='ocrx_word' id='word_1_223' title='bbox 851 2742 886 2793; x_wconf 90' lang='lat' dir='ltr'>ut</span> <span class='ocrx_word' id='word_1_224' title='bbox 900 2735 992 2813; x_wconf 89' lang='lat' dir='ltr'>parsi-</span> 
     </span>
     <span class='ocr_line' id='line_1_33' title="bbox 104 2810 992 2890; baseline 0.005 -20"><span class='ocrx_word' id='word_1_225' title='bbox 104 2811 209 2871; x_wconf 89' lang='lat' dir='ltr'>monia</span> <span class='ocrx_word' id='word_1_226' title='bbox 236 2810 335 2879; x_wconf 81' lang='lat' dir='ltr'>victus</span> <span class='ocrx_word' id='word_1_227' title='bbox 362 2820 454 2890; x_wconf 88' lang='lat' dir='ltr'>atque</span> <span class='ocrx_word' id='word_1_228' title='bbox 481 2813 581 2873; x_wconf 90' lang='lat' dir='ltr'>cultus</span> <span class='ocrx_word' id='word_1_229' title='bbox 608 2834 710 2874; x_wconf 82' lang='lat' dir='ltr'>omnes</span> <span class='ocrx_word' id='word_1_230' title='bbox 737 2812 992 2874; x_wconf 88' lang='lat' dir='ltr'>Lacedaemonius</span> 
     </span>
     <span class='ocr_line' id='line_1_34' title="bbox 103 2885 992 2983; baseline 0.001 -31"><span class='ocrx_word' id='word_1_231' title='bbox 103 2885 369 2983; x_wconf 75' lang='lat' dir='ltr'>vinceret3(fuisse</span> <span class='ocrx_word' id='word_1_232' title='bbox 392 2892 475 2971; x_wconf 92' lang='lat' dir='ltr'>apud</span> <span class='ocrx_word' id='word_1_233' title='bbox 499 2891 640 2967; x_wconf 82' lang='lat' dir='ltr'>Thracas,</span> <span class='ocrx_word' id='word_1_234' title='bbox 665 2893 800 2954; x_wconf 90' lang='lat' dir='ltr'>homiues</span> <span class='ocrx_word' id='word_1_235' title='bbox 822 2894 992 2955; x_wconf 84' lang='lat' dir='ltr'>vinolentos</span> 
     </span>
     <span class='ocr_line' id='line_1_35' title="bbox 104 2969 991 3053; baseline 0.006 -23"><span class='ocrx_word' id='word_1_236' title='bbox 104 2969 288 3049; x_wconf 87' lang='lat' dir='ltr'>rebusquev</span> <span class='ocrx_word' id='word_1_237' title='bbox 305 2971 402 3031; x_wconf 88' lang='lat' dir='ltr'>nereis</span> <span class='ocrx_word' id='word_1_238' title='bbox 415 2972 548 3045; x_wconf 81' lang='lat' dir='ltr'>deditos3</span> <span class='ocrx_word' id='word_1_239' title='bbox 569 2974 623 3034; x_wconf 91' lang='lat' dir='ltr'>hos</span> <span class='ocrx_word' id='word_1_240' title='bbox 644 2994 762 3053; x_wconf 91' lang='lat' dir='ltr'>quoque</span> <span class='ocrx_word' id='word_1_241' title='bbox 781 2973 815 3033; x_wconf 90' lang='lat' dir='ltr'>in</span> <span class='ocrx_word' id='word_1_242' title='bbox 835 2973 882 3034; x_wconf 90' lang='lat' dir='ltr'>his</span> <span class='ocrx_word' id='word_1_243' title='bbox 902 2975 991 3035; x_wconf 90' lang='lat' dir='ltr'>rebus</span> 
     </span>
     <span class='ocr_line' id='line_1_36' title="bbox 104 2991 1045 3194; baseline 0.002 -83"><span class='ocrx_word' id='word_1_244' title='bbox 104 2991 315 3151; x_wconf 49' lang='lat' dir='ltr'>munemusch</span> <span class='ocrx_word' id='word_1_245' title='bbox 335 3051 515 3194; x_wconf 59' lang='grc' dir='ltr'>νθἫ</span> <span class='ocrx_word' id='word_1_246' title='bbox 539 3052 654 3125; x_wconf 86' lang='lat' dir='ltr'>Persas,</span> <span class='ocrx_word' id='word_1_247' title='bbox 676 3025 853 3134; x_wconf 56' lang='lat' dir='ltr'>apudquos</span> <span class='ocrx_word' id='word_1_248' title='bbox 873 3074 991 3114; x_wconf 91' lang='lat' dir='ltr'>summa</span> <span class='ocrx_word' id='word_1_249' title='bbox 1005 3054 1045 3115; x_wconf 82' lang='lat'>35</span> 
     </span>
     <span class='ocr_line' id='line_1_37' title="bbox 104 3129 990 3207; baseline 0.002 -17"><span class='ocrx_word' id='word_1_250' title='bbox 104 3129 172 3191; x_wconf 92' lang='lat' dir='ltr'>laus</span> <span class='ocrx_word' id='word_1_251' title='bbox 197 3140 273 3190; x_wconf 85' lang='lat' dir='ltr'>esset</span> <span class='ocrx_word' id='word_1_252' title='bbox 296 3130 414 3192; x_wconf 80' lang='lat' dir='ltr'>fortiter</span> <span class='ocrx_word' id='word_1_253' title='bbox 514 3132 549 3205; x_wconf 89' lang='lat' dir='ltr'>ri,</span> <span class='ocrx_word' id='word_1_254' title='bbox 567 3133 721 3193; x_wconf 83' lang='lat' dir='ltr'>luxuriose</span> <span class='ocrx_word' id='word_1_255' title='bbox 741 3134 861 3207; x_wconf 85' lang='lat' dir='ltr'>vivere3</span> <span class='ocrx_word' id='word_1_256' title='bbox 882 3133 990 3193; x_wconf 91' lang='lat' dir='ltr'>horum</span> 
     </span>
     <span class='ocr_line' id='line_1_38' title="bbox 104 3210 991 3292; baseline 0.002 -22"><span class='ocrx_word' id='word_1_257' title='bbox 104 3210 148 3270; x_wconf 86' lang='lat' dir='ltr'>sic</span> <span class='ocrx_word' id='word_1_258' title='bbox 168 3210 323 3270; x_wconf 89' lang='lat' dir='ltr'>imitatum</span> <span class='ocrx_word' id='word_1_259' title='bbox 344 3212 599 3283; x_wconf 87' lang='lat' dir='ltr'>consuetudinem,</span> <span class='ocrx_word' id='word_1_260' title='bbox 614 3220 649 3271; x_wconf 90' lang='lat' dir='ltr'>ut</span> <span class='ocrx_word' id='word_1_261' title='bbox 667 3213 714 3271; x_wconf 92' lang='lat' dir='ltr'>illi</span> <span class='ocrx_word' id='word_1_262' title='bbox 731 3213 788 3292; x_wconf 90' lang='lat' dir='ltr'>ipsi</span> <span class='ocrx_word' id='word_1_263' title='bbox 807 3234 877 3274; x_wconf 91' lang='lat' dir='ltr'>eum</span> <span class='ocrx_word' id='word_1_264' title='bbox 893 3213 926 3271; x_wconf 89' lang='lat' dir='ltr'>in</span> <span class='ocrx_word' id='word_1_265' title='bbox 943 3213 991 3272; x_wconf 91' lang='lat' dir='ltr'>his</span> 
     </span>
     <span class='ocr_line' id='line_1_39' title="bbox 104 3290 990 3366; baseline -0.003 -16"><span class='ocrx_word' id='word_1_266' title='bbox 104 3291 240 3350; x_wconf 86' lang='lat' dir='ltr'>maxime</span> <span class='ocrx_word' id='word_1_267' title='bbox 264 3290 495 3351; x_wconf 87' lang='lat' dir='ltr'>admirarentur.</span> <span class='ocrx_word' id='word_1_268' title='bbox 537 3291 657 3366; x_wconf 76' lang='lat' dir='ltr'>Quibus</span> <span class='ocrx_word' id='word_1_269' title='bbox 681 3291 770 3349; x_wconf 90' lang='lat' dir='ltr'>rebus</span> <span class='ocrx_word' id='word_1_270' title='bbox 789 3292 926 3360; x_wconf 85' lang='lat' dir='ltr'>effecisse,</span> <span class='ocrx_word' id='word_1_271' title='bbox 947 3300 990 3360; x_wconf 90' lang='lat' dir='ltr'>ut,</span> 
     </span>
     <span class='ocr_line' id='line_1_40' title="bbox 105 3366 991 3449; baseline -0.01 -19"><span class='ocrx_word' id='word_1_272' title='bbox 105 3370 189 3449; x_wconf 91' lang='lat' dir='ltr'>apud</span> <span class='ocrx_word' id='word_1_273' title='bbox 199 3389 403 3448; x_wconf 90' lang='lat' dir='ltr'>quoscumque</span> <span class='ocrx_word' id='word_1_274' title='bbox 411 3379 495 3440; x_wconf 79' lang='lat' dir='ltr'>esset,</span> <span class='ocrx_word' id='word_1_275' title='bbox 503 3370 809 3447; x_wconf 85' lang='lat' dir='ltr'>princepsponeretur</span> <span class='ocrx_word' id='word_1_276' title='bbox 818 3366 991 3424; x_wconf 89' lang='lat' dir='ltr'>haberetur-</span> 
     </span>
     <span class='ocr_line' id='line_1_41' title="bbox 105 3440 1043 3532; baseline -0.012 -21"><span class='ocrx_word' id='word_1_277' title='bbox 105 3470 164 3532; x_wconf 90' lang='lat' dir='ltr'>que</span> <span class='ocrx_word' id='word_1_278' title='bbox 175 3448 355 3511; x_wconf 85' lang='lat' dir='ltr'>carissimus.</span> <span class='ocrx_word' id='word_1_279' title='bbox 396 3448 456 3510; x_wconf 81' lang='lat' dir='ltr'>Sed</span> <span class='ocrx_word' id='word_1_280' title='bbox 466 3447 538 3508; x_wconf 88' lang='lat' dir='ltr'>satis</span> <span class='ocrx_word' id='word_1_281' title='bbox 548 3446 586 3506; x_wconf 92' lang='lat' dir='ltr'>de</span> <span class='ocrx_word' id='word_1_282' title='bbox 596 3447 652 3504; x_wconf 90' lang='lat' dir='ltr'>hoe</span> <span class='ocrx_word' id='word_1_283' title='bbox 662 3444 813 3522; x_wconf 64' lang='lat' dir='ltr'>,reliquos</span> <span class='ocrx_word' id='word_1_284' title='bbox 826 3440 988 3501; x_wconf 88' lang='lat' dir='ltr'>ordiamur.</span> <span class='ocrx_word' id='word_1_285' title='bbox 1003 3440 1043 3500; x_wconf 80' lang='lat'>40</span> 
     </span>
    </p>
   </div>
   <div class='ocr_carea' id='block_1_3' title="bbox 0 0 1185 3704">
    <p class='ocr_par' dir='ltr' id='par_1_5' title="bbox 0 0 1185 3704">
     <span class='ocr_line' id='line_1_42' title="bbox 0 0 1185 3704; baseline 0 0"><span class='ocrx_word' id='word_1_286' title='bbox 0 0 1185 3704; x_wconf 95' lang='lat' dir='ltr'> </span> 
     </span>
    </p>
   </div>
  </div>
 </body>
</html>
