2288 3698
145 130 209 193 122
271 147 483 195 corruam
512 149 694 197 auroris
725 151 1009 199 resonam.

196 302 244 363 Ne
254 303 307 363 ille
317 304 383 364 sirit
393 304 415 367 J
416 306 537 384 uppiter
546 315 577 366 te
586 327 623 366 ea
632 327 823 386 perseverare
833 326 888 367 nec
898 306 956 368 tibi
966 315 1088 368 tantam
1133 312 1134 315 ’

195 383 377 444 dementiam
391 386 494 445 venire
508 386 540 444 in
554 387 698 446 animum.
740 386 782 446 Et
801 387 827 446 si
841 407 1024 465 perseveras,
1038 409 1088 449 ve

196 483 271 535 reor,
285 483 323 523 ne
343 465 375 523 in
396 485 514 525 omnem
528 466 623 526 vitam
645 475 764 526 tantum
785 465 899 526 laboris
919 467 1012 546 culpa
1033 477 1088 528 tua

197 543 331 624 recipias,
346 545 391 604 uti
405 545 437 604 in
450 546 537 606 nullo
550 554 684 625 tempore
698 554 764 606 tute
777 546 835 606 tibi
848 546 970 627 placere
983 549 1087 627 possis.

224 854 288 928 nx
309 854 454 930 niuno
475 856 539 929 nn
562 857 830 931 nrsroarors
852 856 1059 930 niums.

376 953 440 1025 nn
463 953 619 1026 Linon
643 954 909 1026 cronacum.

550 1099 750 1141 —ooxoo—

165 1220 185 1281 5
238 1203 315 1267 Non
328 1204 467 1285 ignorare
484 1204 583 1279 debes,
596 1225 692 1266 unum
712 1206 770 1267 hoc
789 1226 884 1285 genus
904 1205 1089 1268 latinarum

199 1285 369 1346 litterarum
383 1286 483 1346 adhuc
496 1306 558 1346 non
571 1286 660 1347 modo
670 1307 731 1347 non
742 1286 922 1365 respondere
932 1285 1089 1360 Graeciae,

198 1365 251 1426 sed
270 1366 393 1426 omnino
415 1366 490 1426 rude
511 1375 603 1444 atque
624 1365 799 1427 inchoatum
819 1375 916 1426 morte
937 1366 1091 1428 Ciceronis

199 1446 348 1505 relictum.
391 1445 449 1506 Ille
463 1447 544 1506 enim
557 1446 617 1507 fuit
632 1466 720 1520 unus,
733 1447 786 1526 qui
806 1447 940 1526 potuerit
953 1456 984 1508 et
997 1449 1091 1507 etiam

199 1525 338 1586 debuerit
357 1527 513 1587 historiam
533 1527 627 1606 digna
643 1547 716 1588 voce
736 1527 953 1606 pronuntiare:
975 1529 1091 1608 quippe

148 1617 187 1680 10
200 1605 252 1685 qui
274 1607 437 1666 oratoriam
462 1607 663 1686 eloquentiam
688 1607 795 1666 rudem
817 1627 836 1666 a
857 1607 1021 1687 majoribus
1044 1629 1092 1668 ao

200 1696 319 1766 ceptam
334 1688 537 1766 perpoliverit,
548 1687 780 1766 philosophiam,
791 1695 862 1747 ante
873 1707 944 1747 eurn
958 1688 1092 1767 incomp

200 1777 274 1841 tam,
296 1767 439 1827 Latinam
466 1788 522 1828 sua
549 1767 745 1828 conformarit
771 1767 915 1827 oratione.
958 1767 1008 1827 Ex
1029 1789 1091 1847 quo

200 1848 317 1922 dubito,
333 1848 457 1908 interitu
478 1848 541 1927 ejus
563 1857 666 1907 utrum
687 1867 734 1907 res
756 1846 880 1926 publica
901 1866 942 1907 an
964 1848 1092 1909 historia
1135 1858 1136 1921 l

199 1930 296 2010 magis
309 1930 418 1990 doleat.
1134 1942 1136 2005 q

146 2019 185 2080 15
239 2010 389 2088 Locuples
402 2008 557 2070 aedivina
573 2016 766 2086 naturaque
787 2007 1091 2146 majoremsuipare·
1135 2010 1136 2081 l

199 2102 244 2152 ret
265 2090 495 2151 admirationem
516 2088 787 2167 ponderatioraque
809 2107 865 2146 sua
885 2096 983 2147 essent
1023 2107 1090 2146 ene-
1135 2118 1136 2165 q

197 2171 275 2244 licia,
285 2191 382 2250 neque
395 2171 449 2229 uni
462 2168 564 2232 omnia
574 2169 646 2228 dare
656 2188 711 2228 nec
722 2187 824 2227 rursus
835 2167 977 2246 cuiquam
987 2168 1089 2227 omnia
1135 2180 1136 2249 ᾗ

197 2251 296 2314 voluit
309 2271 426 2329 negare.

199 2524 263 2597 EX
290 2518 530 2596 EPISTOLIS
555 2516 617 2589 ΑΙ)
644 2515 692 2587 Μ.
720 2512 996 2587 CICERONEM
1020 2514 1084 2586 DE

476 2612 807 2687 PHILOSOPHIA.
887 2668 890 2675 .

536 2758 749 2800 ——oossossoo—

236 2870 378 2933 TANTUM
392 2866 485 2940 abest,
498 2874 534 2927 ut
552 2884 606 2944 ego
621 2862 796 2941 magistram
810 2880 871 2921 esse
885 2869 989 2940 putem
1003 2860 1083 2921 vitae

143 2956 183 3017 20
196 2949 419 3035 philosophiam
433 2948 597 3024 beataeque
609 2943 691 3005 vitae
713 2941 929 3021 perfectricem,
944 2949 978 3001 ut
991 2940 1081 3000 nullis

196 3033 292 3112 magis
313 3030 482 3091 existimem
504 3046 579 3104 opus
600 3043 662 3083 esse
681 3022 839 3100 magistros
853 3021 978 3082 vivendi
983 3040 1081 3163 quam

196 3113 356 3191 plerisque,
379 3108 431 3185 qui
456 3107 489 3164 in
510 3125 546 3164 ea
567 3102 751 3179 disputanda
774 3110 942 3162 versantur.
1015 3101 1079 3160 ideo

196 3192 277 3248 enim
287 3206 429 3263 magnam
440 3192 557 3262 partem
571 3201 683 3252 eorum,
694 3181 747 3258 qui
760 3181 792 3238 in
806 3179 909 3240 schola
921 3181 958 3240 de
969 3180 1082 3260 pudore

196 3276 226 3325 et
253 3263 437 3325 continentia
464 3260 652 3338 praecipiant
678 3259 876 3336 argutissime,
904 3261 1023 3321 eosdem
1046 3259 1080 3318 in

145 3342 183 3399 25
197 3344 331 3403 omnium
351 3340 513 3397 libidinum
533 3337 749 3414 cupiditatibus
770 3337 881 3397 vivere.
904 3417 908 3423 η
