2346 3704
159 90 203 155 78
436 101 651 151 coaranrr
680 101 874 153 acroma

543 211 550 219 .
1151 176 1152 223 l

215 261 267 342 qui
283 267 422 339 expertes
441 267 528 320 erant
547 257 675 331 consilii,
688 278 877 321 commovere
897 279 930 320 se
950 281 1011 322 non
1029 271 1107 324 sunt

214 342 280 401 ausi
293 361 388 419 eoque
400 340 552 414 libentius,
566 341 648 420 quod
661 340 756 400 latere
769 340 1009 416 arbitrabantur,
1022 363 1108 424 quae

214 442 249 481 co
270 422 391 480 iterant.

249 443 329 561 gVII.
351 499 423 559 Siue
435 498 528 559 dubio
549 508 618 577 post
637 497 830 559 Leuctricam
850 520 987 579 pugnam
1008 502 1106 564 Lace-

180 580 363 643 5daemonii
386 600 417 638 se
439 599 607 658 numquam
629 581 798 640 refecerunt
817 601 916 659 neque
938 582 1105 660 pristinum
1151 636 1152 657 ,

213 660 373 739 imperium
395 668 621 738 recuperarunt,
635 680 704 720 cum
720 661 843 720 interim
856 661 1019 738 Agesilaus
1040 684 1105 722 non

213 741 336 812 destitit,
350 739 588 818 quibuscumque
608 740 697 799 rebus
710 749 818 818 posset,
831 743 965 818 patriam
981 743 1104 820 juvare.

212 821 295 881 Nam
308 839 378 879 cum
391 819 553 897 praecipue
566 819 798 879 lacedaemonii
819 820 992 899 indigerent
1013 843 1104 900 pecu·

212 902 273 973 nia,
295 900 348 960 ille
369 899 517 971 omnibus,
540 900 593 977 qui
614 921 634 958 a
655 918 725 978 rege
747 900 927 972 defecerant,
949 903 1103 980 praesidio
1151 948 1152 953 η

159 981 199 1043 10
213 982 289 1052 fuit3
303 1001 322 1040 a
332 980 441 1058 quibus
454 999 566 1058 magna
580 979 710 1039 donatus
719 980 849 1058 pecunia
859 982 992 1059 patriam
1003 983 1103 1042 suble-
1151 1024 1152 1059 ÷

211 1061 305 1124 ravit.
346 1060 450 1138 Atque
463 1059 495 1118 in
509 1059 566 1119 hoo
579 1059 659 1119 illud
672 1061 823 1139 inprimis
836 1060 896 1120 fuit
909 1061 1102 1137 admirabile,
1151 1068 1152 1127 l

212 1162 282 1203 cum
296 1140 430 1200 maxima
444 1160 570 1199 munera
592 1141 620 1199 ei
641 1140 681 1200 ab
699 1141 820 1218 regibus
834 1148 864 1200 et
878 1141 1016 1219 dynastis
1026 1144 1102 1203 civi·
1151 1138 1152 1229 q

212 1221 384 1298 tatibusque
397 1219 613 1292 conferrentur,
627 1221 708 1298 quod
723 1221 799 1279 nihil
813 1240 959 1299 umquam
973 1223 1101 1283 domum
1151 1234 1152 1295 ξ

211 1321 298 1361 suam
312 1300 449 1372 eontulit,
463 1299 541 1359 nihil
562 1300 600 1360 de
613 1302 706 1373 victu,
720 1301 799 1359 nihil
819 1300 858 1360 de
871 1302 983 1363 vestitu
1004 1302 1102 1363 Laeo-

159 1382 199 1442 15
211 1401 286 1440 num
312 1380 450 1440 mutavit
500 1380 600 1440 Domo
628 1382 732 1440 eadem
760 1381 819 1441 fuit
846 1391 1013 1455 contentus,
1038 1403 1102 1462 qua

212 1460 426 1540 Eurysthenes,
454 1461 628 1538 progenitor
660 1462 811 1540 majorum
837 1481 970 1534 suorum,
997 1462 1103 1524 iberat
1151 1490 1152 1539 q

212 1561 299 1600 usus:
321 1559 413 1619 quam
432 1540 485 1618 qui
505 1540 644 1613 intrarat,
666 1541 788 1600 nullum
809 1541 929 1620 signum
951 1542 1100 1615 librdmrs,
1151 1542 1152 1561 ¹

210 1621 331 1681 nullum
352 1620 493 1679 luxuriae
505 1620 608 1682 videre
621 1629 740 1699 poterat
750 1642 759 1693 ;
780 1630 886 1693 eontra
905 1642 942 1681 ea
963 1623 1100 1701 plurima

210 1701 374 1782 patientiae
400 1708 492 1779 atque
519 1700 726 1761 abstinentiae
775 1701 825 1761 Sic
853 1702 933 1761 enim
961 1712 1028 1763 erat
1056 1704 1100 1763 in-
1151 1742 1152 1775 3

157 1783 197 1847 20
210 1790 333 1855 structa,
348 1791 383 1841 ut
402 1780 490 1840 nulla
503 1779 535 1839 in
550 1801 582 1840 re
595 1782 729 1841 differret
742 1782 874 1861 cujusvis
887 1783 985 1862 inopis
1006 1793 1100 1865 atque
1151 1778 1152 1855 l

210 1862 332 1945 privati.
1151 1872 1152 1941 i

250 1941 343 2004 VIII.
364 1938 468 2020 Atque
481 1940 531 2001 hic
544 1949 647 2001 tantus
659 1941 717 2015 vir,
730 1951 767 2002 ut
780 1952 922 2002 naturam
936 1941 1098 2006 fautricem

208 2023 358 2084 habuerat
368 2023 400 2080 in
409 2022 577 2081 tribuendis
587 2023 681 2082 animi
690 2023 863 2095 virtutibus,
874 2024 916 2083 sIc
927 2025 1096 2086 maleficam

209 2113 316 2164 nactus
329 2112 373 2162 est
386 2102 419 2160 in
432 2123 557 2180 corpore
576 2102 725 2181 fingendo.
767 2103 848 2162 Nam
862 2113 893 2162 et
906 2112 1025 2164 statura
1037 2106 1096 2166 fuit
1151 2120 1152 2137 ³

156 2184 196 2245 25
210 2184 327 2255 humili,
349 2192 379 2242 et
403 2203 527 2261 corpore
549 2183 668 2260 exiguo,
689 2192 719 2242 et
743 2183 870 2242 claudus
894 2184 991 2244 altero
1011 2187 1095 2263 pede

210 2263 299 2341 Quae
318 2282 366 2322 res
385 2263 477 2322 etiam
497 2263 676 2321 nonnullam
697 2263 842 2322 afferebat
855 2263 1095 2339 deformitatem

209 2353 299 2423 atque
313 2343 408 2421 ignoti
421 2342 529 2402 faciem
543 2344 606 2422 ejus
626 2363 696 2402 cnm
716 2343 914 2416 intuerentur,
928 2353 1097 2405 contemne-

209 2424 301 2495 bant;
328 2423 381 2501 qui
410 2432 512 2482 autern
536 2424 663 2484 virtutes
686 2432 844 2496 noverant,
867 2444 928 2483 non
955 2434 1096 2502 poterant

209 2504 354 2565 admirari
375 2504 457 2562 satis.
499 2502 591 2579 Quod
614 2504 642 2562 ei
663 2524 720 2563 usn
741 2504 834 2576 venit,
853 2525 923 2564 cum
944 2524 1095 2566 annorum
1151 2512 1152 2529 ¹

155 2586 196 2648 30
209 2584 361 2662 octoginta
382 2583 515 2643 subsidio
537 2582 639 2643 Tacho
661 2584 693 2642 in
712 2581 889 2663 Aegyptum
911 2583 991 2657 isset,
1012 2594 1041 2645 et
1062 2587 1094 2646 in

209 2674 279 2725 acta
292 2684 362 2723 curn
375 2665 436 2723 suis
450 2663 636 2724 accubuisset
649 2665 714 2724 sine
727 2665 791 2724 ullo
804 2674 893 2737 teoto,
906 2673 1094 2745 stratumque

210 2744 336 2804 haberet
356 2745 427 2818 tale,
441 2753 477 2804 ut
495 2754 577 2804 terra
599 2752 679 2805 tecta
700 2752 776 2804 esset
796 2746 978 2817 stramentio,
999 2766 1094 2826 neque

209 2825 270 2884 huc
297 2824 428 2903 amplius
455 2845 548 2904 quam
573 2823 662 2903 pellis
688 2833 764 2884 esset
790 2825 910 2903 injecta,
930 2825 1093 2906 eodemque

210 2905 332 2967 comites
359 2924 462 2965 omnes
489 2903 698 2965 accubuissent
724 2905 837 2965 vestitu
866 2905 977 2964 humili
1005 2916 1092 2985 atque
1133 2943 1135 2949 ·

155 2987 195 3050 35
209 2985 351 3059 obsoleto,
366 2994 400 3046 ut
420 3005 525 3045 eorum
539 2993 662 3044 ornatus
682 3004 743 3044 non
763 2985 853 3044 modo
873 2985 906 3043 in
925 2984 974 3044 his
995 3007 1091 3064 regem

207 3067 358 3126 neminem
385 3065 576 3144 significaret,
603 3064 655 3123 sed
685 3062 816 3124 hominis
842 3085 903 3124 non
931 3064 1091 3125 beatissimi
1151 3068 1152 3125 l

208 3146 408 3225 suspicionem
441 3143 606 3223 praeberet.
655 3143 758 3223 Hujus
786 3145 824 3204 de
850 3145 986 3206 adventu
1012 3146 1091 3207 fama
1151 3126 1152 3221 l

209 3247 279 3286 oum
303 3224 343 3284 ad
366 3223 463 3302 regios
490 3233 565 3283 esset
592 3224 719 3303 perlata,
743 3224 880 3285 celeriter
906 3246 1033 3286 munera
1057 3248 1091 3287 eo
1151 3252 1152 3273 1

208 3306 353 3382 cujusque
385 3301 504 3382 generis
536 3311 609 3364 sunt
639 3304 745 3364 allata.
793 3304 856 3366 His
882 3305 1092 3386 quaerentibus
