2346 3704
465 65 605 155 1³10ss
975 92 1018 155 49

75 271 184 326 testate
197 283 261 324 esse
274 262 363 326 velle.
404 264 497 326 Hanc
510 264 562 325 ille
575 286 636 326 non
650 263 745 326 lenire
754 264 904 345 obsequio,
913 265 964 325 sed

75 344 244 404 acerbitate
268 345 439 423 opprimere
461 345 586 417 studuit,
607 345 872 426 Heraclidemque,
895 367 964 406 eum

75 423 244 505 Syracusas
256 426 395 498 venisset,
410 425 649 485 interficiendum
664 428 790 487 curavit

116 504 196 564 VH.
218 505 310 580 Quod
335 505 449 565 factum
473 506 612 565 omnibus
634 507 801 566 maximum
826 506 963 567 timorem

75 584 190 664 injecit.
232 583 331 644 Nemo
347 587 437 658 enim,
452 585 505 645 illo
526 585 692 658 interfecta,
706 607 737 646 se
757 595 858 646 tutum
879 599 964 665 puta·
999 587 1018 646 5

74 663 139 725 bat.
182 663 243 724 Ille
257 674 368 738 autem,
381 666 554 726 adversario
569 675 690 738 remoto,
705 665 844 726 licentius
860 688 963 727 eorum

75 743 168 817 bona,
183 764 258 824 quos
271 745 384 807 sciebat
397 746 541 806 adversus
555 765 585 804 se
599 746 730 817 sensisse,
744 746 891 806 militibus
907 747 964 806 dis·

116 825 213 886 rtivit.
256 824 376 901 Quibus
403 825 516 899 divisis,
544 845 613 885 cum
641 826 810 904 quotidiani
837 827 964 886 maximi

74 844 186 965 direct
204 914 350 984 sumptus,
371 904 508 966 celeriter
527 906 656 984 pecunia
676 907 775 965 deesse
794 907 901 985 coepit,
915 927 964 966 ne

75 1005 137 1065 que
161 1005 221 1064 quo
245 1005 353 1045 manus
374 986 540 1064 porrigeret
560 985 748 1064 suppetebat,
762 986 819 1045 nisi
840 986 872 1044 in
892 987 1019 1047 ami-10

75 1085 185 1125 eorum
198 1065 400 1144 possessiones.
442 1064 481 1125 Id
501 1066 646 1146 ejusmodi
660 1074 733 1139 erat,
747 1074 790 1139 ut,
805 1086 874 1125 cum
888 1066 965 1125 mili·

75 1153 122 1205 tes
136 1145 366 1218 reconciliasset,
380 1145 531 1206 amitteret
552 1145 719 1224 optimates.
761 1145 901 1223 Quarum
921 1167 965 1206 re

75 1245 148 1285 rum
163 1246 236 1285 cura
250 1224 447 1304 frangebatur
458 1235 490 1286 et
503 1226 637 1286 insuetus
651 1226 730 1286 male
746 1227 889 1286 audiendi
903 1247 964 1286 non

74 1306 182 1366 animo
202 1325 298 1384 aequo
318 1306 442 1378 ferebat,
462 1306 500 1365 de
520 1327 552 1366 se
571 1304 612 1366 ab
632 1306 668 1366 iis
688 1306 768 1367 male
787 1307 964 1381 existimari,

97 1406 209 1445 uorum
222 1385 315 1464 paulo
329 1396 400 1446 ante
414 1386 446 1446 in
461 1385 579 1446 caelum
589 1386 690 1447 fuerat
703 1386 800 1447 elatus
814 1387 963 1449 laudibus.
979 1386 1018 1448 15

110 1466 202 1544 ulgus
225 1475 337 1539 autem,
358 1467 470 1527 offensa
494 1467 525 1526 in
550 1487 619 1525 eum
643 1466 775 1527 militum
797 1468 963 1542 voluntate,

76 1544 204 1687 libberius
217 1545 398 1627 loquebatur
411 1557 442 1608 et
456 1556 620 1628 tyrannum
634 1568 694 1609 non
708 1548 865 1608 ferendum
880 1549 964 1610 dicti·

75 1635 111 1687 ta
132 1635 174 1688 at.

40 1740 42 1746 ·
117 1705 214 1769 VHI.
235 1707 323 1769 Haec
343 1707 396 1769 ille
415 1708 544 1782 intuens,
558 1728 628 1770 cum
646 1708 903 1789 quemadmodum
923 1730 964 1770 se·

75 1787 166 1849 daret
184 1789 320 1869 nme-iret,
335 1799 365 1850 et
385 1809 527 1869 quorsum
548 1790 711 1851 evaderent
731 1791 858 1869 timeret,
873 1780 964 1849 Calli·
978 1787 1018 1849 20

76 1858 175 1929 crates
195 1869 329 1951 quidam,
344 1869 417 1931 civis
431 1854 634 1944 lithemensis,
654 1871 707 1950 qui
727 1868 818 1929 simul
838 1889 909 1930 cum
929 1890 964 1931 eo

76 1969 117 2009 ex
131 1948 337 2029 Peloponneso
352 1950 384 2008 in
398 1950 533 2011 Siciliam
543 1960 677 2024 venerat,
688 1951 777 2011 homo
790 1959 821 2010 et
834 1949 964 2011 callidus

76 2026 107 2089 et
120 2029 161 2089 ad
176 2030 314 2090 fraudem
329 2021 443 2104 ac'utus,
457 2030 521 2091 sine
535 2031 601 2090 ulla
614 2030 757 2110 religione
770 2051 806 2091 ac
820 2030 888 2104 fide,
898 2030 965 2092 adit

76 2111 117 2170 ad
142 2110 274 2171 Dionem
299 2121 329 2172 et
352 2112 412 2172 ait:
441 2111 522 2171 Eum
550 2131 660 2190 magno
687 2111 720 2171 in
747 2111 881 2190 periculo
901 2131 964 2174 esse

75 2201 202 2272 propter
218 2192 409 2253 offensionem
426 2191 531 2277 populi
552 2202 583 2252 et
602 2192 706 2253 odium
726 2192 868 2271 militum,
880 2192 963 2273 quod
977 2190 1017 2253 25

74 2272 164 2332 nullo
184 2272 274 2333 modo
295 2273 409 2334 evitare
429 2282 536 2352 posset,
549 2273 607 2333 nisi
623 2264 717 2334 alicui
732 2293 855 2333 suorum
873 2294 962 2352 nego·

73 2354 154 2417 tium
169 2353 265 2427 daret,
276 2354 329 2433 qui
341 2375 373 2415 se
385 2354 541 2414 simularet
553 2353 602 2413 illi
615 2354 780 2414 inimicum.
823 2353 922 2430 Quem
936 2354 963 2415 si

74 2434 241 2496 invenisset
267 2434 419 2508 idoneum,
443 2434 533 2495 facile
557 2435 692 2496 omnium
720 2435 835 2495 animos
863 2435 962 2514 cogni·

72 2523 181 2576 turum
194 2514 441 2594 adversariosque
461 2514 661 2588 sublaturum,
675 2515 756 2593 quod
770 2515 885 2575 inimici
898 2516 962 2594 ejus

73 2596 253 2657 dissidentes
267 2616 335 2656 suos
348 2617 450 2657 sensus
464 2597 599 2675 aperturi
609 2596 715 2656 forent.
757 2594 826 2655 Tali
836 2596 960 2656 consilio
975 2594 1014 2657 30

72 2677 205 2757 probato
229 2677 349 2756 excepit
372 2678 427 2737 has
450 2685 551 2755 partes
578 2677 641 2755 ipse
668 2675 845 2736 Callicrates
873 2686 903 2737 et
930 2697 961 2737 se

72 2766 176 2817 armat
190 2756 395 2836 imprudentia
409 2756 525 2818 Dionis.
567 2756 621 2816 Ad
634 2775 703 2815 eum
720 2755 960 2816 interficiendum

72 2838 169 2898 socios
184 2837 351 2916 conquirit;
372 2836 559 2898 adversarios
579 2838 642 2916 ejus
663 2837 811 2910 convenit,
826 2838 961 2916 conjura

73 2917 157 2978 tione
178 2916 344 2978 confirmat.
387 2917 456 2989 Res,
475 2917 580 2977 multis
600 2916 733 2988 consciis
751 2936 828 2995 quae
869 2937 961 2976 erere

72 3006 134 3070 tur,
149 2997 231 3057 elata
244 2997 377 3057 defertur
391 2998 431 3057 ad
444 2996 685 3069 Aristomachen,
699 3015 829 3055 sororem
876 2995 960 3069 ionis,
974 2993 1014 3053 35

72 3096 262 3156 uxoremque
283 3077 408 3137 Areten.
449 3075 527 3136 Illae
554 3077 662 3137 timore
688 3076 865 3154 perterritae
892 3096 960 3135 con·

73 3157 211 3229 veniunt,
227 3158 312 3237 eujus
332 3157 370 3217 de
390 3156 526 3236 periculo
545 3154 702 3216 timebant.
744 3154 789 3214 At
802 3153 855 3213 ille
868 3163 963 3233 negat

72 3258 93 3298 a
106 3236 272 3298 Callicrate
292 3237 357 3297 fieri
377 3237 435 3297 sibi
455 3236 589 3306 iusidias,
603 3234 655 3293 sed
668 3233 732 3304 illa,
746 3252 823 3310 quae
839 3251 960 3308 ageren-

72 3325 134 3389 tur,
148 3316 214 3443 fieqi
228 3324 388 3443 ppaecepto
402 3336 465 3377 suo.
507 3314 652 3377 Mulieres
668 3310 765 3370 nihilo
783 3309 878 3368 secius
891 3308 959 3369 Cal·¹

205 3423 239 3431 —
270 3409 340 3457 epos.
