2288 3698
129 145 196 215 108,
414 159 627 208 connnnrr
657 158 850 206 naroms.

181 326 235 391 ret,
249 336 327 398 quae
340 316 547 389 tradebantur,
560 315 612 376 sed
627 317 719 376 etiam
735 314 919 376 excellenter
939 335 1068 395 pronun·
1130 300 1132 373 l

181 399 278 459 tiaret.
321 396 394 473 Qua
409 417 448 456 ex
466 417 498 456 re
511 397 544 455 in
557 395 688 475 pueritia
709 395 819 456 nobilis
836 396 915 456 inter
929 396 1068 476 aequales

181 477 342 549 ferebatur,
357 476 526 555 clariusque
540 475 806 555 exsplendescebat
820 496 913 555 quam
933 475 1066 555 generosi

182 555 380 636 condiscipuli
393 557 494 619 animo
508 574 603 635 aequo
617 556 696 616 ferre
706 565 833 635 possent.
875 554 983 634 Itaque
996 554 1066 614 inci-

148 637 267 698 5tabat
286 656 388 698 omnes
408 636 509 696 studio
528 655 599 708 suo;
620 636 727 715 quoin
740 655 866 697 numero
887 635 1010 695 fuerunt
1029 633 1066 694 L.
1132 704 1133 707 Ἴ

181 717 360 797 Torquatus,
374 716 407 777 Ο.
423 715 541 776 Marius
554 716 644 789 filius,
658 716 702 776 M.
717 715 838 777 Cicero:
860 736 935 794 quos
949 734 1067 776 consue
1132 710 1133 719 ’

181 799 286 859 tudine
307 817 363 857 sua
383 796 427 858 sic
447 796 504 856 sibi
527 796 676 869 devinxit,
698 805 734 856 ut
754 815 843 857 nemo
865 795 901 855 iis
923 804 1067 875 perpetuo

180 878 272 938 fuerit
286 878 391 938 carior.
1133 914 1134 953 3

221 957 263 1018 ΙΙ.
291 957 383 1018 Pater
410 965 528 1017 mature
550 956 683 1017 decessit.
734 954 804 1035 Ipse
827 955 1069 1016 adolescentulus
1133 956 1134 1009 l

129 1037 167 1101 10
180 1048 303 1132 propter
325 1038 501 1098 affinitatem
524 1036 558 1097 P.
580 1035 717 1176 Sulpicii,
736 1037 788 1115 qui
810 1036 953 1097 tribunus
973 1036 1069 1175 qqebis

181 1119 354 1180 mterfectus
367 1127 421 1191 est,
434 1137 495 1178 non
509 1137 616 1195 expers
644 1116 690 1177 uit
703 1116 786 1176 illius
800 1116 936 1195 periculi.
1010 1137 1068 1176 am·

201 1219 239 1260 ue
249 1199 369 1272 Anicia,
380 1197 540 1277 Pomponii
550 1196 736 1268 consobrina,
747 1205 891 1275 nupserat
900 1195 944 1256 M.
954 1196 1069 1269 Servio,
1134 1236 1135 1277 3

228 1280 268 1339 tri
294 1278 430 1357 Sulpicii
479 1277 588 1356 Itaque
615 1276 771 1337 interfecto
794 1275 930 1356 Sulpicio
954 1286 1069 1356 postea-
1134 1290 1135 1329 Τ

180 1380 272 1438 quam
284 1359 363 1420 vidit
372 1358 510 1419 Cinnano
523 1356 658 1418 tumultu
672 1356 827 1418 civitatem
841 1376 902 1416 esse
912 1356 1069 1434 perturba-

130 1438 166 1500 15
180 1449 253 1512 tam,
264 1458 361 1518 neque
373 1438 431 1498 sibi
441 1438 507 1498 dari
519 1438 694 1498 facultatem
705 1456 761 1516 pro
773 1436 921 1515 dignitate
931 1436 1066 1510 vivendi,

180 1519 255 1599 quin
268 1519 447 1579 alterutram
461 1527 578 1597 partem
592 1517 764 1590 offenderet,
777 1516 943 1576 dissociatis
957 1517 1067 1577 animis
1135 1560 1136 1595 ,

180 1599 303 1672 civium,
328 1619 398 1659 cum
424 1599 478 1659 alii
504 1598 648 1671 Sullanis,
675 1597 729 1658 alii
756 1596 903 1658 Cinnanis
929 1596 1069 1658 faverent
1135 1604 1136 1669 t

180 1679 326 1760 partibus,
348 1679 489 1740 idoneum
511 1687 629 1757 tempus
651 1688 734 1738 ratus
755 1677 863 1738 studiis
883 1676 1067 1758 obsequendi
1135 1674 1136 1713 i

179 1761 250 1834 suis,
270 1760 408 1820 Athenas
431 1779 462 1819 se
486 1759 621 1821 contulit.
663 1758 770 1838 Neque
791 1778 827 1820 eo
849 1758 945 1819 secius
970 1759 1068 1820 adole

127 1842 310 1903 atterentem
337 1839 480 1912 Marium,
505 1840 623 1900 hostem-
643 1838 825 1918 judicatum,
848 1839 932 1919 juvit
959 1841 1068 1920 opibus

179 1921 260 1994 suis;
281 1922 366 2000 cujus
384 1920 489 1999 lugam
511 1919 639 1999 pecunia
659 1920 839 1982 sublevavit
857 1974 861 1983 .
881 1921 930 1982 Ac
952 1943 992 1982 ne
1014 1922 1067 1983 illa

179 2000 1067 2081 peregrinatiodetrimentumaliquodafferretreifamiliari,
1136 2012 1137 2075 t

179 2082 283 2142 eodem
303 2101 445 2160 magnam
466 2090 583 2160 partem
597 2080 788 2141 fortunarum
802 2082 921 2160 trajecit
934 2103 1066 2144 suarum.

179 2161 242 2222 Hic
255 2161 300 2222 ita
312 2162 400 2233 vixit,
413 2170 447 2220 ut
460 2161 607 2222 universis
621 2158 857 2222 Atheniensibus
871 2162 979 2222 merito
993 2172 1067 2224 esset

126 2242 165 2305 25
179 2242 356 2302 carissimus.
398 2241 478 2300 Nam
493 2250 613 2319 praeter
625 2241 765 2320 gratiam,
779 2262 857 2320 quae
871 2242 938 2321 jam
952 2242 985 2301 in
999 2243 1066 2304 ado·

179 2321 343 2382 lescentulo
367 2341 477 2400 magna
500 2330 574 2394 erat,
595 2341 684 2400 saepe
709 2321 771 2381 suis
798 2321 905 2400 opibus
933 2322 1066 2402 inopiam

178 2423 282 2464 eorum
292 2400 446 2481 publicam
457 2401 579 2463 levavit
620 2401 699 2463 Cum
712 2402 793 2460 enim
803 2422 959 2462 versuram
970 2402 1067 2464 facere

178 2482 299 2623 Enbhoe
312 2502 429 2543 necesse
438 2491 522 2555 esset,
532 2502 629 2561 neque
642 2481 706 2561 ejus
719 2481 925 2542 condicionem
939 2503 1066 2562 aequam

201 2561 332 2636 aberent,
346 2582 463 2641 semper
480 2582 511 2623 se
533 2562 720 2641 interposuit,
734 2571 826 2640 atque
848 2562 891 2621 ita
914 2571 949 2623 ut
971 2583 1066 2643 neque

126 2645 165 2706 30
179 2662 302 2703 usuram
329 2662 474 2722 umquam
502 2641 542 2703 ab
569 2643 606 2701 iis
632 2642 790 2720 acceperit,
814 2662 911 2721 neque
939 2642 1065 2723 longius,

179 2743 271 2804 qnam
285 2722 400 2783 dictum
413 2732 497 2795 esset,
511 2722 620 2782 debere
633 2742 737 2802 passus
757 2722 804 2782 sit.
846 2721 939 2798 Quod
952 2733 1065 2783 utrum·

179 2822 237 2884 que
256 2811 321 2862 erat
341 2803 377 2862 iis
396 2802 538 2863 salutare.
580 2801 662 2862 Nam
675 2822 772 2880 neque
786 2802 973 2881 indulgendo
987 2803 1066 2864 inve·

178 2892 324 2945 terascere
334 2903 438 2944 eorum
452 2903 502 2943 aes
514 2882 649 2943 alienum
685 2882 845 2955 atiebatur,
856 2903 953 2963 neque
967 2883 1065 2943 multi-

178 2963 327 3044 plicandis
350 2962 448 3024 usuris
471 2983 608 3023 crescere.
682 2962 751 3022 uxit
774 2962 831 3023 hoc
853 2962 986 3022 officium
1006 2963 1064 3023 alia

126 3045 165 3106 35
179 3064 297 3136 quoque
311 3043 502 3104 liberalitate.
545 3043 627 3102 Nam
641 3043 795 3102 universos
809 3042 961 3103 frumento
976 3042 1064 3103 dona·

178 3125 287 3196 vit,1ta
301 3132 336 3183 ut
349 3121 475 3200 singulis
489 3142 520 3181 se
541 3131 602 3182 tem
616 3122 710 3182 modii
723 3122 816 3181 tritici
830 3122 993 3183 darentur:
1013 3123 1063 3202 qui

179 3203 285 3263 modus
299 3220 456 3261 mensurae
469 3220 501 3258 m
539 3201 638 3260 imnus
652 3201 782 3262 Athenis
796 3201 978 3281 appellatur.

220 3280 279 3339 ΙΙΙ.
295 3280 357 3339 Hic
368 3287 469 3338 autem
480 3280 522 3339 sic
532 3300 562 3339 se
576 3279 706 3358 gerebat,
717 3290 753 3340 ut
766 3282 933 3342 communis
946 3281 1063 3357 infimis,

180 3377 236 3433 par
249 3357 436 3435 principibus
449 3357 611 3419 videretur.
653 3359 723 3436 Quo
737 3360 852 3422 lactum
873 3371 926 3436 est,
940 3372 976 3423 ut
995 3363 1064 3425 huic
