2346 3704
132 162 174 230 38
362 192 365 198 ·
408 180 620 231 coanunrr
649 183 841 232 narorrs.

185 358 216 399 se
236 359 328 419 supra
347 338 564 419 Propontidem
585 341 739 415 abdidit,s
762 363 848 402 erans
865 341 909 403 ibi
924 343 1076 407 facillime

185 440 271 479 suam
285 420 439 480 fortunam
452 412 662 500 occulipossel
694 363 794 482 saiso.
837 422 918 482 Nam
929 423 1074 499 Thraces,

184 508 344 579 postquam
368 520 437 560 eum
461 520 530 560 cum
555 521 667 581 magna
690 503 819 581 pecunia
838 504 956 564 venisse
976 525 1075 565 sense-

185 588 265 653 rimt,
293 580 416 640 insidias
443 582 595 654 fecerunt3
623 582 676 662 qui
704 601 749 655 ea,
777 603 855 662 quae
882 594 1073 662 apportarat,

151 658 384 733 babstulerunt,
415 661 515 740 ipsum
549 682 656 741 capere
688 682 750 722 non
783 673 956 742 potuerunt.
1012 663 1074 725 Ille

185 758 316 813 cernens,
326 740 447 800 nullum
459 741 558 801 locum
572 741 630 801 sibi
644 749 746 802 tutum
760 743 792 802 in
807 741 936 803 Graecia
947 754 1074 824 propter

184 820 350 899 potentiam
378 820 696 896 Lacedaemoniorum,
718 823 758 882 ad
780 822 1014 884 Pharnabazum
1038 825 1073 884 in

183 899 291 961 Asiam
305 901 426 962 transiit
434 922 442 974 ;
463 921 553 980 quem
567 902 690 981 quidem
708 903 783 963 adeo
802 924 857 963 sua
870 904 951 983 cepit
965 904 1073 966 huma·

183 981 288 1054 nitate,
302 990 337 1041 ut
350 1002 418 1041 eum
433 1001 521 1042 nemo
535 981 567 1040 in
582 983 716 1043 amicitia
736 984 933 1045 antecederet.
975 984 1007 1044 N
1009 1006 1072 1045 am·

131 1059 170 1123 10
184 1081 242 1140 que
256 1062 284 1121 ei
298 1061 449 1141 Grynium
463 1062 588 1122 dederat
600 1063 633 1121 in
648 1062 783 1142 Phrygia
797 1073 937 1136 castrum,
952 1085 991 1124 ex
1010 1086 1072 1144 quo

184 1141 397 1220 quinquagena
416 1141 532 1203 talenta
552 1143 710 1222 vectigalis
730 1142 876 1222 capiebat
919 1144 992 1220 Qua
1012 1147 1072 1206 i'or·

184 1229 259 1281 tuna
272 1221 448 1282 Alcibiades
468 1243 529 1282 non
550 1231 616 1283 erat
636 1232 801 1296 contentus,
820 1243 917 1303 neque
930 1225 1072 1286 Athenas

183 1302 280 1362 victas
303 1301 551 1363 Lacedaemoniis
573 1302 687 1364 servire
728 1312 825 1363 oterat
845 1302 918 1383 pati.
960 1304 1072 1385 Itaque

183 1381 223 1441 ad
241 1382 372 1460 patriam
391 1381 580 1443 liberandam
601 1383 683 1443 omni
705 1324 857 1443 litabatur
878 1384 1069 1463 cogitatione

130 1463 169 1526 lb
183 1460 242 1522 Sed
256 1461 388 1535 videbat,
403 1462 436 1522 id
455 1463 519 1522 sine
541 1484 610 1542 rege
630 1463 791 1524 Persarum
807 1484 868 1523 non
885 1485 970 1544 posse
986 1465 1052 1526 fieri
1061 1487 1070 1540 ;

182 1541 309 1620 ideoque
329 1563 398 1601 eum
419 1542 554 1602 amicum
570 1543 628 1603 sibi
649 1543 790 1622 cupiebat
806 1545 950 1624 adjungi3
971 1565 1070 1626 neque

183 1621 352 1696 dubitabat,
367 1623 455 1683 facile
470 1643 501 1682 se
515 1632 754 1696 consecuturum,
767 1624 793 1683 si
812 1625 902 1684 modo
919 1625 983 1703 ejus
1001 1647 1070 1686 con-

182 1702 323 1764 veniendi
349 1702 502 1763 habuisset
529 1712 716 1782 potestatem.
758 1703 840 1764 Nam
868 1704 983 1784 Cyrum
1010 1706 1071 1767 fra-

182 1791 260 1843 trem
284 1783 311 1843 ei
335 1782 451 1843 bellum
475 1783 555 1859 clam
578 1804 695 1864 parare,
717 1783 963 1845 Lacedaemoniis
985 1787 1070 1866 adju-

129 1867 169 1930 20
182 1863 333 1938 vantibus,
354 1862 483 1937 sciebat}
505 1863 537 1923 id
559 1864 585 1923 si
605 1865 778 1944 aperuisset,
798 1885 941 1944 magnam
961 1885 992 1926 se
1012 1867 1070 1926 ini-

182 1953 286 2004 turum
299 1945 429 2024 gratiam
443 1944 574 2005 videbat.

223 2024 265 2085 X.
287 2024 375 2085 Haec
389 2044 458 2084 oum
473 2025 630 2085 moliretur
641 2033 814 2104 peteretque
827 2046 847 2086 a
860 2024 1069 2102 Pharnabazo,

182 2114 218 2166 ut
232 2106 271 2166 ad
282 2126 381 2187 regem
392 2105 573 2178 mitteretur,
585 2105 688 2165 eodem
699 2114 834 2184 tempore
844 2105 955 2167 Critias
967 2108 1070 2168 ceteri-

183 2206 241 2265 que
255 2186 377 2265 tyranni
392 2184 625 2245 Atheniensium
640 2195 735 2246 certos
749 2185 885 2246 homines
899 2188 939 2247 ad
953 2187 1069 2267 Lysan-

129 2268 168 2329 25
183 2267 271 2326 drum
294 2267 326 2325 in
348 2265 455 2326 Asiam
478 2266 633 2338 miserunt,
653 2266 706 2345 qui
726 2286 795 2326 eum
816 2267 972 2327 certiorem
991 2267 1070 2328 face

182 2356 258 2421 rent,
272 2347 330 2406 nisi
344 2346 538 2406 Alcibiadem
553 2345 728 2419 sustulisset,
743 2346 821 2406 nihil
841 2367 946 2407 earum
966 2368 1068 2407 rerum
1171 2350 1172 2357 ’

138 2447 143 2455 ·
182 2427 245 2488 fore
264 2436 373 2500 ratum,
387 2446 462 2506 quas
483 2427 546 2504 ipse
560 2423 691 2487 Athenis
705 2427 912 2488 constituisset.
955 2427 1069 2503 Quare,

181 2508 207 2568 si
220 2529 289 2568 suas
304 2528 350 2567 res
363 2515 461 2587 gestas
475 2526 596 2566 manere
611 2505 712 2578 vellet,
728 2506 816 2566 illum
831 2517 1081 2602 persequeretur*
1171 2560 1172 2565 ,

182 2588 242 2648 His
265 2588 348 2648 Laco
373 2587 461 2647 rebus
486 2594 652 2647 commotus
679 2588 787 2647 statuit
814 2589 983 2648 accuratius
1009 2588 1068 2648 sibr

128 2669 168 2732 30
182 2669 333 2748 agendum
358 2689 427 2728 cum
453 2665 660 2727 Pharnabazo.
702 2666 788 2728 Huic
809 2688 880 2746 ergo
904 2668 1068 2742 renuntiat,

182 2769 259 2828 quae
280 2748 344 2828 regi
364 2769 434 2809 cum
454 2747 702 2808 Lacedaemoniis
723 2758 827 2821 essent,
846 2748 934 2808 irrita
954 2749 1068 2823 lirtura,

182 2829 240 2888 nisi
254 2828 446 2889 Alcibiadem
460 2829 567 2890 vivum
581 2835 636 2887 aut
648 2837 801 2888 mortuum
815 2828 873 2887 sibi
886 2829 1067 2890 tradidisset.

182 2906 253 2970 Non
272 2909 345 2970 tulit
362 2908 419 2969 hoo
439 2917 582 2986 satrapes,
597 2916 627 2966 et
640 2907 756 2968 violare
771 2908 961 2967 clementiam
974 2929 1067 2987 quam
1171 2910 1172 2927 *

182 2990 260 3068 regis
273 3010 344 3069 opes
357 2988 454 3047 minui
468 2987 586 3047 maluit.
628 2985 737 3065 Itaque
757 2988 839 3047 misit
858 2987 1067 3048 Susamithren

129 3070 168 3129 35
182 3078 212 3130 et
230 3069 386 3146 Bagaeum
407 3068 446 3128 ad
460 3066 653 3126 Alcibiadem
667 3066 916 3139 interficiendum,
931 3088 999 3127 cum
1014 3067 1069 3128 ille
1171 3078 1172 3087 ¹

183 3156 258 3208 esset
284 3148 317 3207 in
344 3146 480 3224 Phrygia
514 3146 631 3222 iterque
664 3146 703 3204 ad
738 3167 838 3224 regem
870 3157 1067 3224 compararet.

183 3226 270 3286 Missi
290 3224 370 3286 clam
389 3225 550 3296 vicinitati,
570 3224 603 3282 in
624 3244 684 3301 qua
704 3233 770 3283 tum
791 3223 968 3287 Alcibiades
992 3237 1067 3302 erat,

184 3304 259 3363 dant
278 3303 441 3380 negotium,
456 3311 491 3361 ut
511 3323 580 3361 eum
600 3302 790 3365 interficiant.
832 3304 885 3363 Illi
902 3326 972 3365 cum
986 3306 1067 3368 ferro

184 3381 308 3458 aggredi
327 3400 388 3443 non
408 3380 562 3456 auderent,
575 3389 668 3442 noctu
680 3380 765 3463 ligna
779 3384 972 3451 contulerunt
986 3387 1069 3453 circa
1171 3470 1172 3475 ἵ
