2346 3704
21 320 24 377 J
106 312 232 378 civium
258 313 553 378 libertatem'ltatris
576 316 677 389 saluti,
701 324 732 376 et
754 332 860 396 parere
884 311 1000 397 legibus

21 406 22 409 ’
105 416 210 476 quam
230 398 377 490 imperare
397 398 523 476 patriae,
537 398 630 457 satius
644 397 775 457 duxerit.
816 395 887 456 Hac
901 405 1000 457 mente

19 540 21 551 .
103 497 165 556 per
180 477 372 556 harusplcem
387 496 636 556 communemque
650 477 780 549 affinem,
794 477 843 536 cui
863 496 947 537 soror
960 495 999 535 ex

103 557 226 617 eisdem
236 558 411 635 parentibus
421 566 495 617 nata
505 566 602 635 nupta
612 565 685 627 erat,
696 557 820 617 fratrem
835 566 998 636 tyrannum

103 636 355 697 interficiendum
369 638 495 698 curavit
537 637 606 715 Ipse
620 656 681 697 non
702 637 790 697 modo
810 657 918 697 manus
937 658 998 697 nou
1034 635 1052 696 5

104 717 228 791 attulit,
241 718 293 778 sed
307 738 345 776 ne
359 714 491 796 aspicere
502 718 626 796 quidem
639 718 808 777 fraternum
821 718 998 795 sanguinem

103 797 221 858 voluit.
261 797 352 869 Nam,
367 798 441 856 dum
458 818 504 857 res
519 796 722 868 conficeretur,
736 795 842 875 procul
863 796 896 855 in
915 817 998 875 prae·

19 930 20 933 ,
103 877 191 938 sidio
212 876 279 950 fuit,
301 878 424 956 nequis
446 877 565 937 satelles
587 885 686 956 posset
706 895 887 936 succurrere.
929 876 998 936 Hoc

104 958 386 1036 praeclarissimum
401 959 464 1036 ejus
478 958 594 1017 facinus
615 978 675 1017 non
696 957 763 1036 pari
784 956 872 1016 modo
892 955 998 1035 proba

104 1044 180 1097 tum
199 1047 245 1097 est
258 1038 297 1097 ab
311 1037 458 1098 omnibus.
501 1037 651 1097 Nonnulli
671 1038 752 1097 enim
772 1036 883 1095 laesam
904 1035 943 1095 ab
964 1056 998 1096 eo
1014 1036 1052 1096 10

104 1117 256 1195 pietatem
271 1118 429 1197 putabant,
444 1125 474 1177 et
488 1117 604 1178 invidia
618 1116 739 1176 laudem
754 1116 875 1176 virtutis
885 1115 998 1177 obtere-

19 1212 20 1223 ’
105 1195 195 1258 bant.
237 1197 339 1258 Mater
351 1217 423 1259 vero
437 1207 504 1277 post
517 1197 549 1257 id
562 1197 677 1257 facturn
698 1217 794 1276 neque
814 1197 938 1256 domum
957 1197 997 1256 ad

106 1297 141 1336 se
151 1277 251 1337 filium
262 1278 392 1350 admisit,
403 1298 499 1356 neque
510 1278 637 1356 aspexit,
648 1278 721 1356 quin
731 1297 801 1337 eum
811 1277 998 1337 fratricidam

107 1357 300 1437 impiumque
327 1359 476 1418 detestans
511 1357 713 1436 compellaret.
763 1357 882 1434 Quibus
910 1357 998 1417 rebus

107 1437 187 1498 adeo
201 1438 255 1498 ille
269 1447 316 1498 est
333 1447 507 1510 commotus,
521 1447 556 1497 ut
576 1458 793 1516 nonnunquam
807 1438 888 1498 vitae
906 1438 997 1497 finem
1013 1436 1050 1497 15

107 1516 211 1578 facere
225 1518 356 1579 voluerit
377 1528 469 1597 atque
490 1537 528 1578 ex
550 1518 738 1597 ingratorum
759 1518 917 1578 hominum
930 1538 997 1578 con·

108 1608 217 1676 spectu
231 1607 327 1658 morte
341 1599 490 1659 decedere.

152 1679 196 1740 II.
217 1677 345 1738 Interim
359 1679 458 1739 Dione
479 1679 634 1759 Syracusis
654 1678 819 1753 interfecto,
834 1677 998 1759 Dionysius

109 1777 216 1819 rursus
243 1758 460 1837 Syracusarum
485 1762 600 1853 potitus
627 1770 687 1833 est;
722 1762 806 1840 cujus
833 1760 998 1820 adversarii

109 1859 200 1918 opem
215 1859 234 1898 a
248 1838 412 1901 Corinthiis
432 1849 592 1918 petierunt,
607 1842 782 1919 ducemque,
796 1860 856 1918 quo
870 1840 902 1898 in
917 1838 997 1899 bello
1012 1840 1051 1900 20

108 1928 279 1992 uterentur,
299 1919 498 1998 postularunt.
540 1920 614 1981 Huc
641 1920 796 1980 Timoleon
824 1920 930 1979 missus
954 1919 997 1978 in-

110 1999 252 2060 credibili
274 1999 418 2060 felicitate
442 2001 623 2080 Dionysium
651 2009 715 2059 tota
742 2000 847 2060 Sicilia
870 1999 996 2078 depulit

109 2079 190 2140 Cum
204 2079 370 2140 interlicere
389 2090 495 2159 posset,
509 2081 616 2154 noluit,
630 2089 755 2159 tutoque
768 2089 803 2140 ut
817 2079 997 2140 Corinthum

109 2161 291 2238 perveniret,
316 2160 428 2232 effecit;
457 2162 537 2239 quod
561 2169 757 2239 utrorumque
781 2159 863 2221 Dion
884 2159 995 2220 siorum

110 2241 220 2320 opibus
233 2239 383 2300 Corinthii
396 2261 484 2319 saepe
498 2242 594 2320 adjuti
615 2241 743 2314 fuerant,
758 2243 843 2320 cujus
863 2181 996 2319 Senigni-
1011 2237 1050 2298 25

109 2321 182 2380 tatis
195 2320 371 2380 memoriam
386 2320 507 2381 volebat
523 2331 649 2395 exstare,
664 2342 789 2401 eamque
809 2321 996 2401 praeclaram

109 2400 268 2462 victoriam
281 2400 418 2473 ducebat,
429 2401 461 2459 in
475 2422 535 2480 qua
548 2402 618 2481 plus
631 2412 706 2463 esset
719 2402 894 2462 clementiae
904 2421 996 2479 quam

109 2478 315 2553 crudelitatis3
336 2491 494 2558 postremo,
509 2491 544 2542 ut
560 2504 621 2542 non
634 2484 732 2544 solum
746 2484 869 2544 auribus
883 2484 996 2563 accipe·

108 2571 202 2634 retur,
212 2561 265 2620 sed
279 2561 371 2620 etiam
385 2561 479 2622 oculis
493 2574 672 2637 cerneretur,
683 2584 772 2644 quem
786 2573 816 2624 et
830 2583 869 2623 ex
882 2573 995 2641 quanto

109 2661 202 2720 regno
216 2641 257 2701 ad
271 2662 362 2720 quarn
376 2642 529 2703 fortunam
544 2644 723 2704 detrusisset.
766 2644 837 2704 Post
856 2644 995 2723 Dionysii
1010 2641 1049 2703 30

109 2722 263 2782 decessum
277 2741 346 2782 cum
361 2721 474 2783 Hiceta
487 2723 623 2797 bellavit,
638 2725 691 2804 qui
707 2724 882 2786 adversatus
896 2723 996 2784 fuerat

109 2801 258 2882 Dionysio
267 2823 275 2875 3
297 2822 386 2881 quem
399 2824 461 2863 non
474 2805 543 2865 odio
564 2806 733 2884 tyrannidis
753 2805 930 2876 dissensisse,
944 2804 996 2865 sed

109 2883 286 2961 cupiditate,
299 2883 411 2944 indicio
425 2884 491 2956 fuit,
506 2885 587 2964 quod
608 2885 618 2943 i
671 2931 678 2958 ,
693 2886 819 2964 expulso
840 2885 995 2963 Dionysio,

110 2962 271 3041 imperium
285 2963 436 3023 dimittere
450 2966 556 3025 noluit.
597 2906 671 3025 liiii
680 2974 829 3044 superato,
841 2964 996 3024 Timoleon

110 3044 260 3102 maximas
281 3044 382 3121 copias
402 3044 699 3124 Carthaginiensium
720 3045 803 3124 apud
819 3044 996 3105 Grimissum
1011 3039 1049 3100 35

110 3122 223 3183 flumen
237 3123 366 3202 firgavit,
380 3145 416 3185 ac
429 3126 501 3184 satis
516 3126 626 3185 habere
640 3126 745 3204 coegit,
759 3125 785 3184 si
798 3125 902 3184 liceret
914 3122 997 3182 Afri-

111 3224 175 3263 cam
191 3203 335 3277 obtinere,
349 3204 401 3283 qui
417 3206 482 3284 jam
498 3204 665 3282 complures
679 3225 772 3265 annos
786 3203 997 3283 possessionem

111 3283 231 3344 Siciliae
244 3283 396 3344 tenebant.
438 3284 526 3361 Cepit
539 3285 631 3343 etiam
645 3285 842 3354 Mamercum,
853 3282 996 3341 Italicum

111 3366 226 3437 ducem,
241 3364 394 3424 hominem
414 3364 591 3424 bellicosum
605 3373 634 3421 et
648 3370 808 3439 potentem,
823 3360 875 3436 qui
896 3368 997 3434 tyran-

110 3465 163 3509 nos
177 3445 317 3524 adjutum
331 3444 363 3502 in
376 3443 512 3504 Siciliam
526 3448 658 3502 venerat.
1011 3431 1050 3490 40
