2346 3704
153 134 196 197 88
431 146 644 193 corennum
673 148 871 196 nnrorrs.

207 303 279 378 lato,
308 304 382 383 quid
411 304 565 377 sentirent,
596 312 788 382 apemerunt.
838 304 943 385 Hujus
977 306 1099 368 sceleris

229 384 358 463 rincipes
379 384 503 444 fuerunt
514 383 698 463 Antigonus,
720 383 921 459 Ptolemaeus,
942 386 1098 460 Seleucus,

207 405 418 544 lysimachus,
437 463 612 524 Cassander.
652 463 828 543 Antigonus
855 475 959 527 autem
986 467 1099 527 Eume·

207 564 277 604 nem
291 552 443 603 mortuum
458 544 567 622 propin
588 545 634 603 uis
655 545 718 623 ejus
739 545 946 623 sepeliendum
960 547 1097 607 tradidit

175 627 193 685 5
208 624 253 683 Hi
275 623 401 682 militari
422 623 548 683 honesto
565 565 680 696 limere,
695 625 859 685 comitante
873 634 937 686 toto
951 627 1098 698 exercitu,

207 704 420 776 humaverunt,
430 723 555 782 ossaque
565 704 628 782 ejus
638 704 671 763 in
679 704 906 783 Cappadociam
917 706 957 766 ad
968 715 1098 766 matrem

207 792 298 862 atque
318 783 634 863 uxoremliberosque
653 785 717 863 ejus
738 784 928 863 deportanda
942 794 1097 846 curarunt.

516 1042 792 1056 ——n————-—-

427 1229 550 1302 XIX.
595 1230 879 1304 PHOCION.

545 1394 758 1434 *nomon—-

247 1513 273 1578 Ι.
304 1513 456 1578 Pnocron
481 1516 685 1589 Atheniensis,
713 1516 768 1576 etsi
795 1536 886 1597 saepe
913 1518 1090 1580 exercitibus

207 1598 339 1676 praefuit
352 1616 542 1675 summosque
560 1597 753 1675 magistratus
773 1599 862 1676 cepit,
875 1606 979 1659 tamen
999 1600 1090 1659 multo

154 1679 194 1740 10
208 1679 270 1817 pius
283 1678 383 1737 notior
396 1677 552 1755 integritas
566 1677 648 1738 vitae
660 1697 752 1755 quam
773 1677 818 1737 rei
838 1678 981 1740 militaris
1001 1679 1089 1739 labor.

226 1768 317 1836 taque
329 1757 419 1836 hujus
433 1757 579 1817 memoria
591 1765 636 1816 est
649 1757 744 1830 nulla,
758 1756 842 1818 illius
861 1768 964 1818 autem
984 1778 1090 1838 magna
1144 1770 1145 1773 ’

207 1838 303 1898 fama:
318 1858 357 1897 ex
367 1857 427 1915 quo
437 1837 614 1914 cognomine
627 1835 730 1896 Bonus
744 1845 789 1897 est
798 1838 980 1916 appellatus.
1021 1839 1091 1900 Fuit

207 1918 288 1979 enim
303 1927 448 1996 perpetuo
468 1937 593 1995 pauper,
608 1935 676 1975 cum
698 1916 895 1978 divitissimus
914 1939 978 1979 esse
997 1929 1090 1999 posset

129 2072 136 2079 ,
206 2007 331 2079 propter
341 1998 510 2075 frequentes
521 1995 636 2056 delatos
646 1996 772 2057 honores
782 2006 1005 2078 potestatesque
1016 2020 1090 2060 sum·

154 2080 193 2142 15
207 2099 280 2150 mas,
294 2097 372 2156 quae
391 2078 419 2137 ei
439 2096 458 2137 a
478 2076 591 2156 populo
612 2075 771 2136 dabantur.
813 2076 876 2138 Hic
897 2100 966 2138 cum
987 2101 1006 2139 a
1025 2101 1089 2160 rege

208 2158 352 2236 Philippo
365 2176 492 2217 munera
505 2176 634 2234 magnae
653 2157 799 2235 pecuniae
819 2159 1001 2237 repudiaret,
1016 2160 1088 2240 lega-

206 2239 291 2318 tique
310 2238 504 2297 hortarentur
523 2237 658 2315 accipere
677 2237 828 2316 simulque
847 2239 1050 2313 admonerent,
1065 2241 1088 2301 si

207 2319 271 2399 ipse
283 2318 331 2377 his
345 2318 433 2377 facile
446 2326 569 2390 careret,
584 2317 686 2376 liberis
705 2325 807 2376 tamen
828 2319 889 2378 suis
902 2320 1087 2399 prospiceret,

207 2399 316 2479 quibus
340 2398 462 2458 difficile
484 2407 559 2457 esset
581 2398 613 2456 in
635 2417 754 2456 summa
776 2407 956 2475 paupertate
976 2407 1087 2461 tantam

154 2477 193 2543 20
207 2489 364 2560 paternam
391 2477 470 2538 tueri
496 2478 634 2556 gloriam,
657 2477 704 2537 his
731 2476 792 2549 ille,
818 2477 876 2537 “Si
900 2478 960 2538 mei
981 2480 1087 2541 similes

207 2568 304 2631 erunt,
319 2560 399 2618 idem
422 2557 499 2630 hic,''
513 2557 614 2636 inquit
632 2557 774 2635 “agellus
796 2557 865 2617 illos
887 2559 958 2632 alet,
971 2561 1024 2638 qui
1043 2581 1086 2621 me

208 2641 248 2701 ad
271 2639 350 2698 hano
374 2638 553 2718 dignitatem
577 2637 737 2716 perduxit;
765 2637 817 2695 sin'
836 2637 995 2698 dissimiles
1022 2650 1086 2700 suut

207 2719 313 2791 futuri,
337 2719 407 2779 nolo
437 2718 511 2778 meis
537 2718 679 2797 impensis
708 2716 832 2777 illorum
860 2718 903 2777 ali
931 2721 1085 2801 augerique

207 2799 390 2861 luxuriam.''
1048 2832 1050 2839 ,

154 2882 193 2942 25
247 2880 291 2941 ΙΙ.
312 2879 399 2939 Idem
413 2899 482 2939 cum
497 2898 591 2958 prope
603 2877 643 2939 ad
657 2898 772 2937 annum
782 2879 997 2957 octogesimum
1010 2901 1081 2960 pros·

207 2983 280 3042 pera
297 2961 481 3055 pervenisset
500 2959 631 3031 fortuna,
645 2959 787 3019 extremis
807 2960 993 3039 temporibus
1012 2982 1082 3041 mag-

206 3063 281 3102 num
295 3062 327 3099 m
341 3041 445 3100 odium
459 3040 597 3118 pervenit
611 3059 732 3098 suorum
744 3040 873 3112 civium;
894 3041 1001 3119 primo,
1011 3041 1080 3121 quod

208 3142 278 3181 cum
292 3120 429 3179 Demade
449 3120 487 3177 de
507 3117 582 3177 urbe
602 3117 750 3178 tradenda
763 3119 929 3198 Antipatro
945 3141 1081 3182 consense

208 3210 265 3272 rat,
287 3201 410 3277 ejusque
432 3197 555 3256 oonsilio
578 3196 794 3257 Demosthenes
815 3219 885 3258 cum
908 3201 1018 3274 ceteris,
1036 3201 1080 3282 qui
1136 3256 1141 3267 ,

156 3278 195 3337 30
208 3278 284 3338 bene
305 3279 343 3336 de
370 3296 403 3334 re
429 3276 553 3353 publica
579 3276 679 3334 meriti
706 3277 968 3355 existimabantur,
990 3283 1080 3362 populi

209 3359 284 3415 scito
297 3357 330 3413 in
344 3353 484 3413 exsilium
501 3363 587 3413 eraut
607 3354 734 3433 expulsi.
776 3357 883 3436 Neque
897 3360 929 3418 in
943 3381 978 3420 eo
997 3364 1080 3423 solum
