2346 3704
130 143 173 210 36
409 151 622 202 coenatu
651 148 846 211 Naroma

184 322 344 398 postquam
367 308 515 373 exercitui
537 327 673 388 praeesse
697 313 846 386 coeperat,
869 325 908 368 ne
929 327 969 368 ue
992 314 1081 372 terra

185 415 283 476 neque
302 393 380 454 mari
400 393 499 451 hoster
520 410 607 471 pares
627 410 690 450 esse
731 397 879 448 otuerant.
909 327 986 449 qllic
1005 397 1041 450 ut
1060 410 1080 452 e

185 475 258 538 navi
278 492 412 555 egressus
432 481 484 546 est,
498 492 684 553 quamquam
704 410 907 530 lberamenes
927 477 959 528 et
979 467 1079 529 Thra

185 556 311 636 sybulus
325 555 435 615 eisdem
450 552 538 613 rebus
552 551 747 630 praefuerant
759 550 911 629 simulque
925 557 1079 610 venerant

153 639 172 700 ὅ
185 638 218 698 in
243 633 394 708 Piraeum,
418 644 521 695 tamen
548 652 644 692 unum
672 650 774 692 omnes
801 630 891 691 illum
915 651 1078 709 proseque-
1169 666 1170 693 t

185 716 306 790 bantur,
321 726 359 788 et,
374 716 406 776 id
419 715 500 795 quod
514 734 681 793 numquam
700 723 791 773 antea
804 732 861 772 usu
874 721 1001 772 venerat
1015 712 1077 772 nisi
1169 720 1170 767 ἒ

185 797 348 879 Olympiae
361 795 535 867 victoribus,
549 794 666 854 coronis
685 793 785 854 aureis
805 791 965 870 aeneisque
978 793 1076 872 vulgo
1169 848 1170 863 ,

186 877 365 939 donabatur.
406 876 466 937 llle
485 873 648 936 lacrimans
668 873 762 934 talem
775 872 1021 935 benevolentiam
1035 874 1077 934 ci·

185 959 272 1021 vium
295 976 417 1018 suorum
441 954 618 1036 accipiebat,
639 955 830 1015 reminiscens
854 953 976 1033 pristini
999 962 1077 1015 tem·

134 1042 172 1103 10
186 1041 267 1119 poris
288 1037 492 1101 acerbitatem.
534 1036 699 1115 Postquam
723 1044 791 1095 astu
811 1034 904 1108 venit,
929 1034 1077 1097 concione

186 1120 335 1181 advocata
355 1120 397 1179 sic
410 1106 504 1179 derha
525 1117 605 1189 fecit,
621 1126 656 1177 ut
676 1137 764 1177 nemo
784 1125 848 1176 tam
868 1115 950 1175 ferus
971 1115 1076 1191 fuerit,
1170 1144 1171 1159 1

186 1201 261 1282 quin
295 1200 358 1280 ejus
390 1219 493 1259 casum
528 1198 705 1271 lacrimarit,
732 1197 951 1276 inimicumque
978 1197 1016 1257 iis
1043 1218 1077 1259 se

187 1281 357 1353 ostenderit,
371 1301 500 1360 quorum
520 1299 613 1358 opera
632 1280 733 1358 patria
753 1279 859 1358 pulsus
879 1278 989 1351 fuerat,
1029 1299 1077 1340 ro·

186 1362 257 1421 inde
271 1382 306 1421 ac
320 1361 344 1420 si
359 1361 436 1419 alius
450 1360 589 1439 populus,
600 1381 661 1420 non
675 1360 728 1419 ille
742 1360 814 1438 ipse,
826 1360 878 1438 qui
892 1367 959 1420 tum
970 1298 1076 1434 flebat,

134 1445 173 1505 15
187 1461 256 1503 eum
270 1440 418 1519 sacrilegii
433 1442 611 1500 damnasset.
653 1440 807 1500 Restituta
826 1460 897 1520 ergo
913 1438 986 1499 huic
1002 1449 1077 1501 sunt

186 1521 307 1601 publice
325 1522 419 1593 bona;
441 1521 592 1600 iidemque
611 1519 660 1579 illi
680 1521 885 1599 Eumolpidae
904 1521 1076 1583 sacerdotes

187 1622 290 1663 rursus
313 1622 463 1662 resacrare
486 1611 558 1661 sunt
581 1601 686 1677 coacti,
705 1602 758 1682 qui
778 1620 849 1661 eum
870 1600 1075 1675 devoverant3
1171 1626 1172 1689 y

186 1682 326 1764 pilaeque
347 1683 426 1755 illae,
448 1682 611 1762 inquibus
634 1684 756 1745 devotio
779 1682 882 1743 fuerat
903 1682 1028 1761 scripta,
1041 1682 1076 1743 in
1171 1700 1172 1735 1

186 1785 270 1825 mare
306 1762 507 1842 raecipitatae.

133 1848 173 1910 20
226 1785 304 1907 Vri
323 1844 410 1905 Haec
424 1843 581 1905 Alcibiadi
600 1843 719 1905 laetitia
738 1865 800 1906 non
821 1844 912 1905 nimis
929 1841 990 1904 fuit
1009 1843 1076 1905 diu·

185 1934 286 1988 turna
327 1925 409 1986 Nam
431 1947 499 1986 cum
520 1927 547 1986 ei
567 1946 671 1986 omnes
688 1935 785 1988 essent
804 1926 932 1987 honores
950 1926 1076 2003 decreti,

186 2016 310 2087 totaque
330 2029 376 2068 res
396 2007 520 2087 publica
539 2006 621 2067 domi
641 2006 775 2086 bellique
795 2009 919 2082 tradita,
933 2014 969 2067 ut
983 2009 1076 2070 unius

187 2090 313 2150 arbitrio
336 2099 498 2168 gereretur,
521 2097 551 2150 et
575 2089 638 2168 ipse
701 2089 848 2162 stulasset,
871 2098 907 2148 ut
930 2089 991 2150 duo
1015 2089 1076 2151 sibi

187 2171 320 2250 collegae
334 2171 486 2243 darentur,
501 2168 661 2249 Thrasybu
675 2189 709 2229 us
723 2178 753 2230 et
766 2168 961 2244 Adimantus
975 2190 1075 2249 neque

134 2256 172 2315 25
187 2252 219 2312 id
243 2260 386 2329 negatum
401 2259 491 2324 esset;
513 2251 606 2311 classe
629 2250 662 2310 in
683 2250 790 2311 Asiam
810 2251 971 2330 profectus,
992 2254 1075 2332 quod

187 2331 270 2411 apud
284 2332 400 2411 Cymen
414 2331 513 2391 minus
529 2352 567 2392 ex
583 2331 732 2392 sententia
749 2352 812 2391 rem
829 2341 968 2411 gesserat,
983 2332 1016 2393 in
1029 2334 1076 2394 in-

186 2414 301 2475 vidiam
316 2397 447 2492 recidit}
472 2412 559 2473 Nihil
580 2413 661 2473 enim
682 2434 750 2474 eum
771 2435 832 2474 non
854 2414 969 2473 efficere
987 2435 1075 2493 posse

187 2494 347 2557 ducebant.
388 2493 439 2553 Ex
453 2514 512 2573 quo
527 2492 627 2568 fiebat,
641 2504 677 2555 ut
692 2495 795 2555 omnia
815 2494 916 2554 minus
932 2516 1075 2576 prospere

186 2585 271 2657 gesta
293 2577 356 2654 ejus
380 2575 488 2654 culpae
512 2575 689 2649 tribuerent,
714 2598 783 2637 cum
811 2598 880 2636 eum
904 2586 959 2636 aut
979 2578 1075 2658 negli-

133 2661 172 2722 30
186 2667 292 2738 genter
312 2665 366 2717 aut
386 2656 534 2716 malitiose
554 2656 657 2717 fecisse
678 2657 889 2735 loquerentur;
910 2658 988 2719 sicut
1006 2668 1074 2721 tum

186 2737 305 2799 accidit.
347 2737 429 2798 Nam
444 2747 743 2825 corruptumarege
762 2759 869 2817 capere
885 2737 1004 2818 Cymen
1023 2761 1075 2801 no-

187 2820 277 2879 luisse
304 2818 480 2897 arguebant.
535 2817 644 2898 Itaque
670 2819 742 2879 huic
769 2819 902 2880 maxime
929 2829 1075 2899 putamus

186 2900 268 2961 malo
281 2900 372 2960 fuisse
386 2899 513 2959 nimiam
526 2898 698 2977 opinionem
712 2899 825 2979 ingenii
839 2909 930 2978 atque
940 2900 1073 2965 virtutis.

187 2980 364 3045 Timebatur
387 2981 468 3040 enim
492 3001 553 3040 non
578 2981 677 3041 minus
702 3001 793 3060 quam
818 2981 1012 3059 diligebatur,
1034 3003 1073 3044 ne

133 3065 172 3125 35
186 3062 317 3123 secunda
327 3061 449 3121 fortuna
459 3061 636 3139 magnisque
646 3061 752 3140 opibus
762 3061 868 3135 elatus,
878 3062 1073 3141 tyrannidem

187 3142 417 3221 concupisceret.
460 3140 579 3216 Quibus
598 3141 687 3201 rebus
705 3142 820 3202 factum
837 3152 890 3215 est,
905 3150 939 3201 ut
954 3142 1073 3204 absenti

187 3222 398 3299 magistratum
413 3220 593 3299 abrogarent
607 3231 637 3280 et
651 3222 746 3281 alium
761 3224 793 3280 in
807 3224 870 3302 ejus
885 3222 986 3282 locum
1005 3224 1073 3283 sub-

187 3302 353 3360 stituerent.
395 3298 433 3358 Id
447 3300 499 3359 ille
512 3309 547 3359 ut
561 3300 688 3374 audivit,
702 3301 825 3361 domum
840 3304 950 3365 reverti
963 3303 1073 3379 noluit,

187 3388 270 3439 etse
292 3377 427 3457 Pactyen
448 3377 577 3441 contulit
596 3379 699 3460 ibique
719 3382 778 3442 tria
799 3382 923 3442 castella
940 3402 1074 3445 commu·
