2346 3704
171 109 217 178 82
448 126 662 175 coenatu
689 129 886 179 unrorrs.

227 283 291 346 Hie
314 283 466 364 equitibus
492 284 669 364 profligatis,
693 283 852 347 interfecto
877 284 956 348 duce
978 286 1119 361 Cratero,
1150 286 1151 309 ³

226 364 332 424 multis
341 376 497 444 praeterea
509 373 540 425 et
552 367 686 427 maxime
695 366 849 426 nobilibus
862 368 967 445 captis,
978 368 1121 446 pedester

226 444 481 585 {xemitm,quod
501 445 534 503 in
557 465 594 505 ea
615 445 683 585 lqca
703 455 770 506 erat
790 445 998 587 beducmtiitm
1020 448 1120 509 invito

193 544 954 682 etttttttffitcttettfflttt,
967 527 1121 667 ..tt

227 684 337 766 potuit,
351 683 392 744 ad
405 683 607 763 Antipatrum
626 686 747 764 recepit
789 685 941 746 Eumenes
955 686 1119 748 Craterum

227 786 268 827 ex
291 764 356 826 acie
377 764 559 826 semivivum
581 764 697 826 elatum
716 785 852 826 recreare
870 766 997 844 studuit
1040 766 1120 827 eum

164 894 166 897 ,
227 844 260 905 id
273 865 341 939 non·
348 853 455 924 posset,
468 865 524 924 pro
536 844 668 905 hominis
686 845 834 923 dignitate
853 866 969 925 proque
988 846 1121 926 pristina

228 925 364 987 amicitra
388 929 534 1003 (namque
559 925 615 986 illo
641 945 713 986 usus
739 934 814 998 erat,
834 924 1016 987 Alexandro
1036 927 1119 998 vivo,

175 1008 215 1069 10
228 1005 433 1083 familiariter)
454 1005 557 1083 amplo
576 1005 682 1089 funere
702 1006 814 1066 extulit
833 1026 959 1086 ossaque
971 1007 1006 1066 in
1019 1007 1120 1068 Mace

228 1086 352 1149 doniam
364 1084 455 1145 uxori
468 1085 697 1163 ejusacliberis
708 1086 833 1146 remisit
1150 1090 1151 1147 ἲ

268 1164 309 1229 V.
330 1164 419 1227 Haec
432 1165 506 1225 dum
526 1165 609 1244 apud
629 1165 864 1245 Hellespontum
877 1175 1036 1245 geruntur,
1049 1167 1120 1228 Per·
1150 1184 1151 1239 ζ

229 1248 330 1307 diceas
349 1245 432 1324 apud
452 1244 562 1305 Nilum
581 1245 696 1305 fiumen
709 1245 889 1307 interficitur
908 1267 928 1306 a
948 1246 1077 1309 Seleuco
1091 1254 1121 1307 et
1150 1242 1151 1321 ᾗ

229 1326 385 1406 Antigono
399 1345 558 1406 rerumque
571 1346 690 1386 summa
707 1325 748 1386 ad
761 1325 962 1404 Antipatrum
975 1327 1120 1389 defertur.

176 1410 217 1470 15
230 1406 303 1479 Hic,
324 1405 377 1485 qni
403 1406 605 1479 deseruerant,
629 1406 765 1466 exercitu
792 1406 972 1486 suffragium
995 1407 1120 1480 ferente,

231 1486 339 1566 capitis
360 1485 497 1549 absentes
516 1486 710 1559 damnantur,
724 1486 757 1546 in
777 1485 826 1547 his
845 1486 1008 1550 Eumenes
1049 1486 1120 1549 Hac
1150 1472 1151 1501 ¹

230 1566 284 1627 ille
296 1586 452 1646 percussus
466 1565 558 1644 plaga
578 1585 640 1626 non
660 1565 830 1641 succubuit,
848 1587 946 1647 neque
968 1589 1005 1629 eo
1026 1569 1120 1630 secius

230 1646 347 1709 bellum
361 1645 593 1707 administravit.
635 1645 695 1706 Sed
708 1645 802 1708 exiles
822 1668 870 1708 res
889 1648 986 1709 animi
1006 1648 1121 1728 magni·
1150 1690 1151 1693 =

230 1728 368 1790 tudinem
395 1726 451 1787 etsi
484 1747 545 1787 non
578 1726 769 1806 frangebant,
794 1736 899 1789 tamen
932 1729 1120 1790 minuebant

176 1813 218 1875 20
231 1808 326 1869 Hunc
340 1827 520 1886 persequens
533 1806 717 1887 Antigonus,
731 1828 801 1869 cnm
821 1808 905 1869 omni
917 1828 1030 1888 genere
1042 1809 1120 1889 copi·
1150 1826 1151 1881 3

231 1910 319 1950 arum
330 1888 508 1960 abundaret,
518 1907 607 1968 saepe
619 1888 653 1947 in
666 1888 824 1949 itineribus
832 1889 1015 1964 vexabatur,
1025 1909 1120 1970 neque
1150 1886 1151 1965 l

231 1989 378 2048 umquam
397 1968 437 2028 ad
457 1989 583 2028 manum
596 1969 737 2029 accedere
757 1969 877 2044 licebat,
890 1970 949 2030 nisi
969 1971 1020 2032 his
1040 1971 1119 2044 locis,
1150 1968 1151 2041 l

231 2050 341 2130 quibus
360 2049 449 2128 pauci
471 2048 575 2110 multis
588 2058 708 2127 possent
721 2049 863 2111 resistere
904 2050 963 2111 Sed
985 2061 1118 2114 extremo
1150 2044 1151 2101 l

230 2138 374 2209 tempore,
395 2149 465 2189 cum
484 2128 610 2190 consilio
629 2129 699 2207 capi
717 2150 779 2190 non
799 2138 906 2209 posset,
923 2132 1118 2193 multitudine

177 2213 218 2275 25
231 2209 406 2272 circumitus
419 2218 472 2270 est
513 2208 599 2270 Hinc
617 2217 730 2282 tamen,
744 2210 849 2271 multis
868 2212 930 2271 suis
949 2213 1077 2288 amissis,
1090 2231 1118 2274 se

231 2289 388 2370 expedivit
397 2298 428 2350 et
437 2290 470 2348 in
480 2289 638 2350 castellum
652 2288 813 2369 Phrygiae,
824 2291 906 2370 quod
918 2291 1008 2354 Nora
1020 2293 1118 2374 appel·

231 2371 323 2444 latur,
333 2369 477 2449 confugit
518 2369 627 2449 Inquo
638 2390 707 2429 cum
718 2371 986 2432 circumsederetur
999 2383 1032 2434 et
1040 2394 1118 2437 rere

230 2460 324 2525 retur,
337 2469 376 2511 ne
396 2470 457 2510 uno
477 2449 543 2511 loco
562 2470 687 2510 manens
706 2470 799 2530 equos
812 2450 959 2513 militares
971 2454 1117 2532 perderet,

231 2532 313 2612 quod
333 2530 465 2611 spatium
485 2550 546 2590 non
567 2539 642 2591 esset
662 2529 808 2609 agitandi,
822 2531 970 2593 callidum
983 2533 1045 2596 fuit
1058 2537 1117 2614 ejus
1150 2532 1151 2577 l

178 2616 218 2677 30
231 2613 399 2685 inventum,
420 2610 674 2689 quemadmodum
694 2619 776 2672 stans
792 2612 965 2690 jumentum
986 2615 1117 2676 concale

231 2692 297 2753 fieri
311 2691 503 2770 exercerique
515 2698 624 2770 posset,
634 2711 694 2770 quo
708 2690 851 2752 libentius
865 2700 895 2753 et
905 2692 973 2754 cibo
983 2702 1117 2757 uteretur

231 2781 263 2834 et
275 2792 295 2833 a
309 2771 441 2850 corporis
460 2778 546 2832 motu
559 2790 621 2831 non
634 2780 846 2833 removeretur.
887 2771 1116 2855 Substringebat

230 2860 325 2931 caput
342 2851 407 2911 loro
428 2850 529 2924 altius,
542 2871 635 2929 quam
655 2858 691 2912 nt
709 2850 861 2930 prioribus
880 2852 1010 2931 pedibus
1030 2856 1115 2934 plane
1139 2868 1141 2872 ‘

231 2941 344 2993 terram
354 2938 453 3009 posset
462 2931 626 3008 attingere3
647 2929 756 2992 deinde
769 2940 837 3010 post
845 2931 1024 2994 verberibus
1038 2954 1114 3014 coge

178 3016 218 3076 35
232 3013 286 3074 bat
307 3010 460 3073 exsultare
480 3018 512 3070 et
532 3010 629 3072 calces
652 3011 812 3072 remittere.
853 3011 917 3088 Qui
938 3022 1040 3075 motus
1059 3035 1114 3075 non
1150 3050 1151 3077 r

232 3094 333 3152 minus
352 3090 492 3150 sudorem
512 3090 693 3164 excutiebat,
728 3110 799 3150 uam
812 3091 838 3151 si
851 3092 884 3152 in
898 3093 996 3171 spatio
1017 3095 1114 3157 deaur-

233 3179 320 3232 reret.
361 3169 433 3244 Quo
453 3168 567 3227 factum
588 3178 640 3241 ast,
655 3111 736 3248 quod
756 3170 895 3232 omnibus
915 3172 1057 3235 mirabile
1076 3182 1114 3247 cst

232 3251 342 3322 visum,
356 3256 392 3308 ut
405 3267 499 3324 aeque
514 3248 653 3324 jumenta
669 3249 768 3310 nitida
781 3271 819 3309 ex
833 3250 957 3312 castello
970 3253 1113 3327 educeret,

234 3348 304 3388 cum
318 3324 487 3406 complures
506 3344 620 3388 menses
639 3327 673 3387 in
692 3327 846 3392 obsidione
858 3330 972 3408 fuisset,
985 3352 1024 3395 ac
1043 3334 1113 3397 siin
