2346 3704
387 178 645 228 antemnas.
972 162 1016 229 ta

25 384 27 409 2
77 343 190 410 vocato,
203 357 267 398 non
280 336 379 399 solum
394 337 447 418 qui
460 337 493 398 in
506 337 581 398 urbe
595 344 690 410 erant,
703 335 755 398 sed
769 337 861 398 etiam
874 337 961 398 undi-

76 435 130 493 que
149 437 191 476 ex
212 418 294 496 agris
315 427 539 490 concurremmt,
556 417 741 496 praesidium
761 417 961 478 Lacedaemo-

25 564 27 573 Ι
76 495 193 556 nicrum
216 518 255 557 ex
275 518 345 558 arce
365 498 556 576 pepulerunt,
570 497 701 576 patriam
715 497 869 558 obsidione
889 497 961 559 libe·

75 576 230 650 aremus,
263 587 401 645 auctores
434 577 585 637 Cadmeae
618 577 811 656 occupandae
847 579 960 658 partim

25 674 26 681 ¹
75 655 393 737 occideruntvpartim
413 657 446 716 in
466 656 609 717 exsilium
628 657 787 735 ejecerunt
994 660 1014 720 5

25 760 26 763 ’
112 734 171 796 IV.
194 736 265 798 Hoc
285 747 350 797 tam
371 737 492 797 turbido
512 745 656 816 tempore,
669 737 747 798 sicut
766 758 858 831 supra
871 737 960 799 docu-

74 810 160 888 imus,
179 812 419 896 Epaminondas,
434 817 534 896 quoad
555 837 625 877 cum
646 817 762 878 civibus
783 819 961 879 drmicatum

74 903 124 968 est,
146 896 232 957 domi
251 897 372 980 quietus
396 897 463 957 fuit.
505 896 614 976 ltaque
637 896 712 957 haec
735 897 961 959 liberandarum

74 971 250 1037 Thebarum
269 977 393 1058 propria
414 978 481 1037 laus
503 986 548 1037 est
569 976 749 1055 Pelopidae3
770 986 886 1038 ceterae
899 978 961 1039 fere

75 1072 249 1140 communes
276 1079 346 1118 cum
372 1058 595 1138 Epaminonda.
636 1055 778 1137 Namque
801 1057 962 1118 leuctrica
975 1059 1015 1120 10

75 1152 188 1272 pugna,
212 1139 394 1217 imperatore
419 1138 643 1217 Epaminonda,
667 1137 717 1198 hic
743 1137 803 1198 fuit
826 1138 891 1198 dux
912 1139 961 1198 de·

88 1225 171 1278 eatae
184 1238 302 1291 manus,
337 1239 394 1279 uae
413 1219 513 1298 prima
528 1218 712 1298 phalangem
725 1219 892 1299 prostravit
903 1218 962 1279 La·

76 1312 195 1359 conum.
235 1240 385 1360 OmmTrm
405 1308 560 1378 praeterea
579 1298 721 1377 periculis
741 1298 836 1362 affuit.
875 1299 962 1361 Sicut

77 1372 219 1454 Spartam
244 1399 316 1440 cum
342 1379 540 1463 oppugnavit,
568 1378 697 1439 alterum
724 1380 823 1440 tenuit
849 1400 960 1453 oomu;

78 1474 196 1595 quoque
218 1459 362 1520 Messena
389 1459 515 1520 celerius
541 1459 757 1533 restitueretur,
784 1459 901 1539 legatus
927 1461 960 1520 in
975 1462 1014 1523 15

104 1558 185 1600 ersas
204 1549 249 1600 est
268 1540 428 1621 profectus.
470 1538 610 1618 Denique
626 1539 701 1600 haec
713 1540 773 1600 fnit
786 1541 882 1601 altera
895 1562 960 1620 per-

78 1635 150 1679 sona
163 1619 284 1686 Thebis.
294 1621 347 1681 sed
359 1618 463 1682 tamen
474 1620 608 1682 secunda
621 1619 673 1693 ita,
684 1629 719 1680 ut
732 1621 872 1696 proxima
885 1629 961 1682 esset

79 1694 106 1757 E
145 1701 328 1771 minen-aas

150 1778 376 1863 ‚fflpfliotatus
396 1789 498 1842 autem
522 1789 567 1842 est
589 1801 660 1841 cum
682 1780 810 1843 adversa
829 1779 961 1841 fortuna?

79 1853 160 1920 Nam
174 1872 204 1923 et
216 1862 313 1936 initio,
327 1863 405 1923 sicut
425 1871 508 1941 osten
531 1863 617 1935 imus,
631 1862 718 1921 exsul
739 1860 840 1940 patria
853 1861 960 1935 caruit,
974 1862 1014 1923 20
1029 1868 1032 1873 “

80 1946 117 2011 et,
128 1961 197 2002 oum
211 1943 396 2019 Thessaliam
409 1943 442 2002 in
456 1951 634 2021 potestatem
647 1939 859 2007 Thebanorum
873 1961 910 1999 cu
933 1962 961 2000 e·

79 2030 124 2080 ret
144 2023 287 2102 redigere,
302 2023 519 2103 legationisque
533 2024 604 2103 jure
621 2021 693 2080 satis
712 2029 825 2080 tectum
839 2040 870 2081 se
883 1961 961 2080 arbi-

79 2106 218 2177 traretur,
246 2103 327 2183 quod
353 2103 436 2182 apud
463 2123 566 2162 omnes
592 2110 695 2181 gentes
728 2108 866 2161 sanctum
900 2120 961 2161 esse

81 2192 254 2256 consuesset,
267 2204 287 2244 a
300 2192 431 2264 tyranno
445 2183 624 2242 Alexandro
638 2180 773 2241 Pheraeo
787 2180 877 2241 simul
891 2201 961 2242 cum

81 2257 210 2324 Ismenia
243 2263 474 2343 comprehensus
507 2264 539 2322 in
566 2261 691 2325 vincula
723 2261 874 2341 conjectus
907 2270 960 2324 est.
974 2261 1014 2324 25

81 2337 174 2404 Hunc
200 2344 429 2423 Epaminondas
453 2342 651 2422 recuperavit,
675 2341 755 2403 bello
781 2340 970 2423 persequens⁴

81 2419 300 2486 Alexandrum.
341 2423 414 2484 Post
420 2423 458 2482 ·id
473 2423 588 2485 factum
601 2443 767 2502 numquam
781 2423 882 2483 animo
897 2422 961 2502 pla·

81 2505 143 2563 cari
168 2505 268 2584 potuit
294 2504 327 2563 in
354 2524 433 2575 eum,
457 2524 559 2583 aquo
583 2511 649 2563 erat
671 2499 817 2585 violatrijl
836 2496 961 2642 {Tque

81 2582 224 2658 persuasit
237 2584 398 2657 Thebanis,
413 2592 447 2643 ut
459 2583 592 2644 subsidio
605 2582 777 2642 Thessaliae
797 2603 852 2662 pro
874 2586 961 2644 crs'ce
1005 2636 1007 2641 .

81 2673 183 2725 rentur
208 2673 413 2745 tyrannosque
440 2665 503 2744 ejus
531 2663 726 2743 expellerent
764 2662 859 2742 Cujus
885 2662 1013 2726 belli‘30

23 2756 24 2759 ’
81 2759 148 2804 cum
167 2744 333 2816 eis‘umma
353 2745 529 2825 esset-data,
543 2763 637 2822 eoque
650 2747 720 2803 cum
740 2743 874 2815 exercitu
893 2752 962 2824 proi

81 2819 172 2886 fectus
182 2832 267 2900 esset,
274 2845 336 2885 non
346 2823 508 2899 dubitavit,
519 2823 609 2883 simul
623 2843 663 2909 aq
670 2824 826 2903 conspexit
835 2825 960 2897 hostem,

82 2905 245 2986 confligere.
286 2903 324 2967 ln
340 2925 399 2984 quo
420 2904 538 2983 proelio
548 2902 763 2963 Alexandrum
776 2913 812 2963 ut
825 2904 960 2964 animad-

81 2986 176 3059 vertit,
196 2986 335 3045 incensus
360 2984 406 3043 ira
425 3002 537 3062 equum
557 2983 590 3042 in
611 3003 680 3042 eum
701 2984 873 3057 concitavit,
894 3004 960 3062 pro·

82 3065 185 3145 culque
207 3065 357 3143 digressus
378 3084 397 3124 a
418 3064 479 3123 suis
501 3062 638 3142 corijectu
659 3062 789 3123 telorum
809 3063 960 3123 confossus
974 3063 1014 3122 35

82 3146 215 3206 concidit
256 3144 360 3222 Atque
376 3143 434 3204 hoo
453 3143 586 3202 secunda
598 3142 867 3214 victoria'accidit3
888 3156 976 3201 namv

84 3221 144 3299 jam
157 3224 321 3285 inclinatae
331 3231 418 3284 erant
431 3231 630 3301 tyrannomm
645 3221 756 3298 qopiae.
799 3221 869 3296 Quo
879 3220 960 3279 facto

82 3320 176 3365 omnes
203 3303 375 3363 Thessaliae
399 3301 537 3363 civitates
564 3300 754 3360 interfectum
782 3297 961 3373 Pelopidam

82 3385 191 3446 coronis
204 3381 303 3444 aureis
317 3391 347 3442 et
360 3380 469 3443 statuis
484 3379 585 3440 aeneis
604 3377 774 3453 liberosque
786 3376 851 3453 ejus
862 3372 961 3434 multo

81 3479 147 3545 agro
160 3465 334 3541 donarunt..¹
541 3528 545 3531 ,
973 3449 1014 3508 4⁰
1041 3462 1045 3467 ’
