2346 3704
150 154 193 220 68
430 164 643 215 conunnn
672 163 867 213 unroms.

203 345 259 405 ego
272 330 378 387 contm
387 342 423 384 ea
432 341 495 383 una
503 320 580 382 urbe
589 329 692 382 nostra
702 321 810 400 dieque
820 342 882 381 uno
893 329 992 383 totam
1000 320 1104 384 Grae

203 407 291 479 ciam,
306 402 552 464 Lacedaemoniis
564 402 686 480 fugatis,
700 401 857 462 liberavi''

243 483 301 546 VI.
323 483 410 544 Idem
430 503 500 543 cum
519 482 552 541 in
573 490 755 542 conventum
774 481 906 542 venisset
923 480 1102 556 Arcadum,

203 573 316 645 petens,
330 572 365 624 ut
384 563 554 623 societatem
576 581 645 621 eum
665 560 817 620 Thebanis
830 569 861 620 et
874 561 1003 640 Argivis
1019 563 1102 623 face·

170 642 463 735 brent,1contraque
486 640 687 712 Callistratus,
707 638 944 700 Atheniensium
965 641 1100 720 legatus,

203 725 256 804 qui
277 724 449 802 eloquentia
467 741 570 782 omnes
590 741 625 780 eo
645 718 819 799 praestabat
833 728 979 798 tempore,
993 731 1101 800 postu-

203 804 290 878 laret,
304 813 339 863 ut
352 802 451 882 potius
471 801 638 861 amicitiam
652 807 849 878 sequerentur
861 798 1053 874 Atticorum,
1069 811 1099 861 et

203 884 236 944 iu
255 883 390 945 oratione
409 900 465 942 sua
484 881 583 940 multa
600 880 737 940 invectus
751 887 827 938 esset
840 879 874 938 in
887 879 1053 941 Thebanos
1067 891 1099 941 et

204 964 344 1043 Argivos,
359 962 392 1022 in
411 962 512 1040 eisquc
532 960 590 1019 hoc
610 958 765 1037 posuisset,
779 957 1026 1021 animadvertero
1047 962 1097 1021 de

151 1044 190 1106 10
204 1044 273 1105 bere
293 1042 440 1115 Arcadas,
460 1040 564 1120 quales
587 1048 716 1118 utraque
738 1038 846 1100 civitas
870 1039 951 1101 cives
998 1060 1096 1101 reore-

203 1132 290 1199 asset,
305 1144 344 1184 ex
357 1122 466 1202 quibus
480 1121 518 1180 de
531 1119 636 1180 ceteris
650 1127 771 1198 possent
780 1117 938 1198 judicare:
957 1060 1095 1199 eligivos

203 1206 284 1265 enim
311 1203 402 1264 fuisse
428 1201 565 1262 Orestem
593 1208 624 1260 et
649 1198 868 1259 Alcmaeonem
895 1200 1094 1272 matricidas3

203 1284 314 1345 Thebis
327 1282 479 1361 Oedipum
492 1290 609 1351 natum,
619 1279 681 1358 qui,
692 1299 761 1338 oum
772 1288 890 1357 patrem
901 1299 992 1340 suum
1002 1280 1095 1340 inter-
1158 1282 1159 1323 l

204 1365 329 1436 fecisset,
344 1384 383 1423 ex
396 1370 494 1421 matre
506 1360 616 1420 liberos
630 1379 817 1438 procreasse3
838 1359 911 1419 huic
924 1359 958 1419 in
971 1380 1095 1438 respon·
1158 1352 1159 1395 ἶ

150 1442 191 1507 15
204 1443 302 1506 dendo
316 1443 345 1503 E
366 1440 552 1514 aminondas,
566 1460 636 1501 cum
650 1440 688 1499 de
701 1439 806 1499 ceteris
822 1447 999 1517 perorasset,
1013 1448 1094 1519 post

224 1544 296 1584 uam
319 1462 436 1583 adila
454 1521 515 1581 duo
539 1518 701 1598 opprobria
721 1519 868 1597 pervenit,
890 1518 1038 1579 admirari
1061 1539 1094 1580 se

203 1546 285 1666 dixit
304 1601 464 1665 stultitiam
484 1600 612 1660 rhetoris
625 1598 732 1671 Attici,
746 1598 799 1677 qui
819 1619 881 1659 non
901 1599 1095 1661 animadver-

203 1685 284 1758 terit,
304 1684 476 1744 innocentes
502 1680 572 1740 illos
598 1688 686 1739 natos
706 1678 798 1752 domi,
818 1679 929 1740 scelere
949 1679 1093 1755 admisso,

204 1786 274 1827 cum
295 1764 395 1845 patria
415 1770 511 1822 essent
531 1759 660 1839 expulsi,
674 1767 807 1837 receptos
828 1778 891 1819 esse
908 1759 948 1820 ab
962 1758 1094 1821 Atheni·

150 1845 191 1910 20
204 1847 334 1908 ensibus.
371 1843 431 1905 sed
445 1841 578 1901 maxime
592 1841 654 1918 ejus
668 1839 841 1917 eloquentia
853 1838 952 1900 eluxit
962 1839 1093 1919 Spartae
1156 1878 1158 1895 ι

204 1927 298 2008 legati
310 1931 382 1986 ante
394 1942 529 2002 pugnam
543 1919 744 1980 Leuctricam.
785 1918 856 1995 Quo
870 1939 940 1980 cum
954 1921 1092 1983 omnium
1157 1934 1158 1993 1

204 2008 353 2069 sociorum
373 2002 581 2066 convenissent
599 1999 702 2078 legati,
724 2018 826 2058 coram
847 1998 1090 2079 frequentissimo

204 2087 390 2168 legationum
404 2090 555 2144 conventu
567 2079 611 2140 sio
624 2077 934 2139 Lacedaemoniorum
954 2083 1090 2160 tyranni·

204 2168 273 2229 dem
287 2164 432 2244 coarguit,
446 2171 556 2222 utnon
569 2159 670 2218 minus
683 2158 739 2217 illa
753 2158 888 2219 oratione
901 2180 971 2238 opas
986 2180 1090 2223 eorum
1150 2164 1158 2187 ‘

151 2249 191 2310 25
204 2247 393 2317 concusserit,
404 2262 496 2324 quam
509 2240 670 2302 Ieuctrioa
683 2259 795 2318 pugna.
838 2237 917 2299 Tum
931 2240 1012 2299 enim
1026 2263 1089 2320 per-

205 2327 285 2401 fecit,
297 2325 386 2407 ·quod
404 2332 473 2416 post
492 2321 645 2401 apparuit,
665 2327 701 2380 ut
720 2317 836 2380 auxilio
856 2318 1089 2383 Lacedaemonii

204 2409 352 2472 sociorum
386 2413 566 2465 rivarentur.

246 2486 321 2551 VII.
372 2486 448 2546 uisse
461 2483 626 2563 patientem
646 2500 829 2559 suorumque
848 2479 975 2559 injurias
995 2481 1089 2543 feren-

205 2580 267 2633 tem
280 2568 403 2640 civium,
416 2563 497 2645 quod
511 2584 541 2622 se
555 2562 672 2642 patriae
682 2561 770 2620 irasci
784 2560 868 2620 nefas
882 2581 944 2621 esse
957 2561 1087 2638 duceret,

151 2654 191 2715 30
204 2654 280 2712 haec
299 2656 370 2709 sunt
389 2644 568 2706 testimonia.
609 2641 688 2702 Cum
708 2661 777 2701 eum
798 2650 921 2719 propter
940 2641 1086 2704 invidiam

206 2733 286 2794 cives
312 2726 473 2808 praeficere
497 2721 643 2783 exercitui
667 2720 841 2793 noluissent,
864 2721 988 2800 duxque
1015 2734 1087 2784 esset

205 2814 338 2874 delectus
352 2807 425 2869 belli
438 2805 604 2885 imperitus,
615 2802 700 2881 cujus
710 2821 810 2861 errore
823 2820 858 2860 eo
872 2811 947 2860 esset
960 2801 1087 2864 deducta

205 2895 262 2954 illa
284 2887 449 2951 multitudo
473 2884 615 2955 militum,
639 2890 675 2942 ut
698 2900 799 2940 omnes
822 2880 860 2940 de
880 2879 979 2941 salute
1000 2884 1086 2961 perti·
1145 2922 1148 2927 -

205 2978 378 3043 mesoerent,
389 2966 471 3048 quod
484 2965 619 3025 locorum
634 2960 779 3039 angustiis
793 2960 888 3020 clausi
902 2959 941 3019 ab
955 2960 1085 3024 hostibus

152 3057 192 3121 35
206 3052 430 3121 obsidebantur,
458 3043 621 3105 desiderari
656 3047 762 3119 coepta
789 3050 834 3099 est
861 3039 1086 3118 Epaminondae

207 3132 392 3214 diligentia·
415 3128 492 3187 Erat
512 3123 593 3184 enim
613 3120 657 3181 ibi
677 3121 814 3199 privatus
832 3140 958 3180 numero
977 3121 1085 3183 militis

207 3215 240 3276 A
253 3234 313 3295 quo
334 3229 404 3271 cum
423 3211 561 3286 peterent
580 3221 677 3281 opem,
689 3198 809 3259 nullam
825 3198 968 3261 adhibuit
983 3222 1085 3264 memo

208 3296 286 3354 riam
300 3287 499 3351 contumeliae
520 3290 550 3342 et
569 3281 736 3340 exercitum
757 3278 911 3340 obsidione
930 3280 1087 3346 liberatum

208 3373 334 3434 domurn
347 3366 470 3427 reduxit
482 3361 673 3422 ineolumem.
713 3358 822 3438 Neque
834 3379 907 3423 vero
925 3360 984 3423 hoc
1002 3367 1086 3429 semel
