2288 3698
139 135 203 204 100
255 178 265 203 .
414 151 629 201 coenam
658 151 854 259 nurgum.

691 253 731 287 we

190 330 283 372 manu
303 309 398 372 saltus
418 318 623 389 occupantem
664 308 749 369 Hinc
763 309 795 367 in
809 307 960 387 Apuliam
1017 329 1087 372 rve
1136 298 1137 377 l

190 392 244 452 nu.
286 390 335 451 ru
357 390 479 451 auvam
501 374 696 450 erauldus
718 390 778 448 auo
801 388 948 461 consuas,
997 436 1004 449 .
1028 389 1085 449 Te·
1136 402 1137 467 ς

103 496 107 505 ·
190 471 304 533 tentius
331 480 361 531 et
388 470 424 530 L.
448 469 607 529 Aemilius.
649 468 817 548 Utriusque
840 468 993 529 exercitus
1020 488 1084 543 uno

114 584 121 599 .
190 551 304 632 proelio
318 550 453 629 fugavit3
474 549 607 610 Paulum
621 547 774 609 consulem
795 547 906 609 occidit
919 558 950 610 et
964 549 1086 629 aliquot

157 631 176 691 5
189 640 345 710 praeterea
358 628 538 700 consulares,
552 629 584 687 in
598 629 645 688 his
659 629 713 689 Cn.
725 628 890 691 Servilium
905 627 1083 703 Geminum,

190 712 243 792 qui
257 731 337 771 anno
350 709 503 789 superiore
516 709 616 770 fuerat
630 707 742 769 consul.

230 790 271 851 V.
298 790 369 850 Hac
395 809 499 869 pugna
526 798 671 868 pugnata,
692 784 823 849 Romam
849 788 1005 868 profectus
1028 798 1083 863 est,
1137 778 1138 845 l

189 871 275 932 nullo
289 871 449 931 resistente.
491 868 530 929 In
549 869 728 949 propinquis
746 869 831 929 urbis
851 868 1008 951 moqtibus
1021 889 1084 930 mo-

189 960 273 1014 ratus
287 959 338 1011 est
379 949 458 1009 Cum
471 950 589 1028 aliquot
609 950 652 1010 ibi
672 949 736 1008 dies
755 958 855 1009 castra
875 936 1033 1009 habhssssser
1053 957 1084 1009 et

137 1033 175 1094 10
188 1002 388 1094 reverteheihr
408 1029 555 1109 Capuam,
570 1030 610 1105 Q.
625 1029 704 1089 Fabi
760 1029 918 1121 Maxiprus
948 1028 1083 1089 dictator

189 1111 396 1195 Romanusin
410 1131 483 1189 agro
497 1109 629 1169 Falerno
643 1110 671 1169 ei
684 1049 845 1188 effcbjebit?
868 1075 1082 1203 ffllausus

188 1193 322 1253 locorum
336 1178 432 1285 arigis
448 1190 491 1263 is,
505 1200 597 1250 noctu
617 1190 681 1250 sine
694 1189 758 1249 ullo
772 1174 1082 1329 dpfflgneffexerci·
1137 1178 1139 1255 l

87 1328 93 1339 ,
187 1276 237 1339 tus
269 1292 300 1332 se
326 1290 403 1349 expe
425 1291 467 1331 rvr
491 1292 498 1342 ;
532 1269 639 1343 Fabio,
666 1269 814 1329 callidus*
895 1269 902 1282 '
1012 1269 1082 1343 tori,

188 1350 281 1413 verba
304 1351 395 1411 dedit.
437 1350 578 1439 Napnque
601 1349 733 1490 Ἥρῃ
755 1358 843 1409 nocte
869 1366 949 1409 sarm
968 1370 989 1408 n
1051 1350 1058 1363 ‘

136 1431 174 1492 15
188 1430 328 1492 cornibus
337 1432 537 1511 juvencorum
551 1420 638 1509 delig'
674 1420 677 1431 ’
698 1451 730 1489 ru
748 1430 840 1503 cudit,
854 1431 903 1509 eju
961 1370 1081 1509 ‹2⁵''g⁴ia⁶nbIkl

188 1511 230 1571 ris
244 1511 470 1571 multitudinem
485 1510 684 1590 magnamdis
737 1499 838 1570 affin·
930 1450 963 1570 dl.
1008 1510 1080 1588 Quo

187 1582 344 1670 repentihb
358 1585 476 1671 objeolu
490 1592 555 1653 viso
575 1600 696 1651 tantum
716 1599 859 1651 terrorem
874 1574 918 1679 ihi
935 1590 978 1651 cit
991 1611 1077 1651 exer-

111 1716 135 1759 .7
187 1672 262 1733 citui
279 1671 495 1744 Romanorum,
509 1681 545 1731 ut
565 1671 666 1751 egredi
687 1681 774 1731 extra
788 1652 906 1732 valhffi
912 1611 1018 1732 hemo
1039 1671 1078 1732 sit

131 1786 139 1808 t
187 1772 286 1813 ausus.
327 1751 419 1812 Hanc
432 1760 500 1830 post
512 1770 576 1812 rem
590 1761 705 1830 gestam
719 1772 777 1821 non
789 1751 838 1831 pta
852 1750 956 1811 multis
969 1752 1078 1813 diebus

134 1832 174 1895 20
187 1833 231 1893 M.
241 1832 411 1893 Minucium
421 1831 731 1972 RUfllQmanglfAEffl
740 1818 915 1911 equitum}
952 1831 959 1845 ‘
1017 1834 1078 1894 dic-

186 1922 315 1974 tatorem
326 1912 460 1991 imperio,
471 1908 541 1972 dolo
551 1913 666 1991 produc
702 1933 733 1970 ru
743 1912 776 1970 in
786 1852 979 1990 praeludit
1044 1912 1077 1973 it

187 1993 342 2055 Tiberium
362 1992 574 2071 Sempronium
588 1991 771 2064 Gracchum,
781 1993 896 2087 itprum
910 1992 1074 2065 consulem,

132 2098 157 2115 =
187 2074 219 2132 in
235 2071 369 2133 Lucanis
382 2071 488 2132 absens
502 2073 534 2131 in
548 2072 671 2132 insidias
685 2072 843 2131 inductum
857 2072 988 2132 sustulit.
1032 2072 1075 2133 M.

92 2142 96 2179 ⁸
186 2152 350 2213 Claudium
385 2152 575 2225 Marcellum,
603 2152 762 2231 quinquies
795 2142 957 2224 consulein,
991 2152 1075 2232 apud
1140 2158 1141 2169 ¹

133 2233 172 2295 25
186 2233 353 2293 Venusiam
374 2233 550 2311 parimodo
570 2232 727 2309 iuterfecit.
769 2231 909 2310 Longum
936 2241 981 2292 est
1005 2250 1076 2292 cnu-

186 2308 660 2390 merareproelia.'Qua1‘ehoc
681 2332 776 2372 unum
792 2313 864 2371 satis
878 2312 940 2403 erip
971 2312 1013 2372 ict
1066 2357 1075 2384 ‚

185 2414 225 2453 ex
239 2413 298 2473 quo
311 2393 441 2472 intelligi
461 2394 562 2471 possit,
576 2402 707 2471 quantus
726 2392 779 2451 ille
799 2391 907 2452 fuerit:
1014 2333 1075 2451 lidii

185 2474 218 2532 in
232 2473 325 2534 Italia
338 2472 405 2545 fuit,
419 2493 506 2533 nemo
519 2472 548 2532 ei
561 2473 593 2531 in
607 2474 671 2533 acie
691 2473 809 2544 restitit,
823 2492 911 2532 nemo
993 2492 1076 2532 ersus

186 2574 255 2613 eum
291 2564 336 2613 ost
347 2553 533 2651 Oanqquserp
549 2574 682 2632 pugnam
694 2553 725 2611 in
737 2573 843 2630 campo
855 2561 953 2612 castra
964 2553 1072 2630 posuit.
1139 2574 1141 2599 ¹

67 2656 70 2663 ’
133 2633 173 2695 30
226 2631 285 2692 V.
314 2614 567 2693 Hind‘mvictds‘
580 2633 711 2713 patriam
736 2633 891 2692 defensum
916 2641 1074 2693 revocatus

186 2711 302 2773 bellum
328 2713 419 2791 gessit
445 2713 588 2774 adversus
616 2712 650 2772 P.
675 2712 854 2791 Scipionem,
878 2711 977 2771 filium
1000 2713 1072 2783 e‘us,

187 2812 276 2873 quem
290 2792 353 2871 ipse
366 2794 464 2870 primo
484 2793 566 2931 apsud
588 2793 781 2864 Rhodanum,
795 2793 905 2851 iterum
920 2793 1002 2870 apud
1012 2734 1073 2851 JPa-

186 2874 269 2945 dum,
290 2872 379 2932 tertio
401 2873 483 2951 apud
534 2872 648 2932 reblam
671 2873 800 2951 fugarat.
841 2871 919 2931 Cum
942 2873 1008 2947 hoc,
1025 2890 1072 2930 ex·
1140 2914 1141 2921 .

186 2952 302 3012 haustis
317 2953 383 3032 jam
397 2953 514 3031 patriae
528 2952 732 3041 facultatibus,
747 2951 864 3032 cupivit
884 2951 929 3019 in,
974 2970 1072 3011 assen-

76 3012 106 3107 4,
133 3033 173 3094 35
186 3033 299 3093 tiaram
333 3032 448 3091 bellum
482 3023 683 3107 com‘ouc‘r‘e,
716 3052 755 3091 uo
790 3031 940 3092 valentior

151 3144 155 3159 ·
187 3098 418 3188 congrederetdr
467 3109 506 3168 In
525 3053 718 3188 chloqu'idrh
741 3100 899 3203 consi-'effiss
927 3040 1072 3172 effi

140 3252 144 3261 ¹
187 3209 239 3247 nes
252 3209 314 3248 non
327 3208 405 3246 conv
423 3196 540 3246 nerunt.
582 3189 655 3248 Post
668 3189 699 3248 id
714 3190 828 3251 factum
849 3190 955 3268 paucis
968 3190 1071 3250 diebus

137 3264 142 3273 '
188 3265 270 3341 apud
286 3266 414 3333 Zamam
435 3285 504 3324 cum
525 3267 628 3325 eodem
647 3256 935 3348 coufliaiti'pulsus,
949 3270 1072 3330 incredi-
1140 3316 1141 3329 .

51 3348 68 3381 ι’
83 3316 121 3357 ‘⁸‘
189 3341 250 3399 bile
271 3343 364 3439 dictu,
385 3342 477 3401 biduo
499 3353 528 3400 et
549 3344 666 3403 duabus
687 3347 824 3405 noctibus
846 3347 1074 3411 Hadrumetum
1140 3338 1141 3385 l
