2288 3698
247 153 278 200 r.
306 153 555 202 rouromus
585 156 776 206 urricus.
944 142 1007 210 100

65 327 171 369 omnes
189 308 324 383 honores,
345 331 419 390 quos
442 320 570 390 possent,
591 312 712 391 publice
738 313 893 388 haberent,
913 316 953 377 ci·

65 407 195 468 vemque
224 389 322 449 facere
352 391 524 451 studerent:
560 411 619 470 quo
650 392 793 454 beneficio
823 395 876 456 ille
905 397 951 456 uti

64 469 184 542 noluit3
225 469 307 547 quod
337 470 478 530 nonnulli
506 471 549 531 ita
576 472 822 552 interpretantur,
850 477 951 536 amitti

63 548 220 609 civitatem
240 549 410 611 Romanam
430 551 492 611 alia
512 551 634 612 adscita.
678 553 833 630 Quamdiu
854 556 950 629 affuit,

62 647 176 707 nequa
196 629 253 690 sibi
274 638 375 690 statua
395 640 564 709 poneretur,
579 633 704 704 restitit;
725 633 830 694 absens
851 635 950 713 prohi·
984 635 1004 695 5

62 706 136 768 bere
149 729 208 769 non
222 709 329 789 potuit
371 710 480 789 Itaque
494 711 611 789 aliquot
624 712 681 791 ipsi
701 722 731 772 et
751 712 867 775 Midiae
878 713 951 775 locis

60 789 256 850 sanctissimis
331 800 456 850 uerunt:
478 790 560 852 hunc
574 792 654 851 enim
668 792 700 851 in
714 793 797 853 omni
810 813 950 873 procura·

61 868 147 929 tione
167 871 210 929 rei
232 890 274 949 pu
296 869 373 930 licae
396 879 528 932 actorem
552 880 764 951 auctoremque
787 872 949 935 habebant

61 946 163 1027 Igitur
187 951 319 1029 primum
343 950 421 1011 illud
445 971 555 1011 munus
578 951 726 1025 fortunae,
747 953 827 1031 quod
855 954 887 1012 in
914 974 950 1013 ea

60 1029 250 1107 potissimum
271 1030 346 1091 urbe
365 1039 454 1091 natus
474 1041 527 1104 est,
541 1031 573 1090 in
587 1052 648 1111 qua
662 1032 848 1093 domicilium
869 1032 950 1094 orbis
965 1034 1004 1096 10

60 1117 211 1169 terrarum
225 1119 300 1170 esset
313 1111 441 1190 imperii,
451 1121 487 1171 ut
500 1112 627 1172 eandem
640 1121 671 1172 et
683 1112 815 1191 patriam
825 1112 950 1175 haberet

60 1197 91 1248 et
111 1189 250 1261 domum3
270 1190 327 1251 hoc
347 1191 496 1270 specimen
515 1191 703 1270 prudentiae,
717 1193 807 1272 quod,
827 1213 896 1254 cum
917 1194 949 1255 in

59 1287 128 1329 eam
140 1290 174 1331 se
186 1270 341 1332 civitatem
355 1271 536 1345 contulisset,
551 1269 629 1351 quae
642 1273 830 1352 antiquitate,
845 1273 949 1336 huma·

58 1349 165 1424 nitate,
186 1350 382 1430 doctrinaque
405 1361 571 1430 praestaret
594 1372 706 1427 omnes,
725 1374 804 1415 unus
827 1354 855 1416 ei
878 1363 950 1417 ante

58 1428 136 1491 alios
149 1429 243 1491 fuerit
255 1431 435 1492 carissimus„
963 1435 1001 1495 15

100 1510 159 1571 IV.
185 1510 258 1571 Huc
282 1531 321 1571 ex
341 1511 418 1571 Asia
441 1510 529 1573 Sulla
552 1512 697 1574 decedens
720 1534 790 1576 cum
810 1515 948 1590 venisset,

59 1590 208 1670 quamdiu
228 1589 271 1651 ibi
285 1590 354 1664 fuit,
367 1611 469 1651 secum
489 1591 597 1652 habuit
617 1592 828 1673 Pomponium,
842 1605 949 1674 captus

58 1671 257 1732 adolescentis
283 1681 314 1733 et
341 1671 531 1733 humanitate
554 1682 585 1733 et
606 1674 752 1735 doctrina.
793 1674 844 1736 Sic
867 1676 948 1735 enim

58 1750 178 1814 Graece
211 1752 400 1833 loquebatur,
430 1761 465 1812 ut
494 1752 625 1813 Athenis
658 1763 747 1814 natus
783 1754 946 1817 videretur.

58 1831 161 1895 Tanta
174 1844 276 1895 autem
289 1836 423 1898 suavitas
435 1845 502 1896 erat
515 1836 660 1895 sermonis
673 1834 787 1909 Latini,
800 1844 837 1895 ut
856 1855 947 1915 appa·
961 1835 1001 1898 20

57 1925 148 1989 reret,
173 1916 205 1975 in
233 1936 268 1977 eo
283 1916 433 1977 nativum
457 1917 608 1996 quendam
636 1916 768 1994 leporem
795 1934 866 1988 esse,
887 1935 947 1975 non

57 1995 219 2057 adscitum.
260 1995 346 2057 Idem
360 2001 500 2076 poemata
513 1994 731 2076 pronuntiabat
744 2005 775 2056 et
788 1995 903 2057 Graece
916 2004 948 2056 et

56 2074 171 2143 Latine
184 2077 236 2149 sic,
247 2087 282 2137 ut
294 2097 387 2155 supra
400 2077 477 2136 nihil
491 2085 589 2157 posset
602 2075 683 2136 addi.
725 2075 845 2152 Quibus
859 2075 948 2136 rebus

56 2155 176 2216 factum
189 2166 243 2229 est,
256 2167 291 2217 ut
311 2156 398 2217 Sulla
412 2177 561 2236 nusquam
575 2155 615 2217 ab
628 2176 659 2217 se
673 2155 846 2229 dimitteret,
861 2176 948 2236 cupe-

56 2245 164 2315 retque
177 2257 278 2296 secum
292 2236 446 2297 deducere.
489 2237 552 2315 Qui
572 2257 642 2296 cum
662 2237 841 2316 persuadere
854 2245 948 2297 tenta·
962 2235 1001 2296 25

55 2324 113 2389 ret,
134 2320 153 2345 “
162 2315 245 2389 Noli,
265 2336 318 2377 oro
341 2317 398 2390 te,'’
422 2317 522 2396 inquit
544 2316 738 2397 Pomponius,
761 2317 947 2378 “adversum

55 2416 107 2457 eos
127 2416 177 2456 me
190 2396 270 2457 velle
290 2397 407 2469 ducere,
421 2416 490 2457 cum
511 2396 620 2476 quibus
640 2417 678 2457 ne
698 2407 803 2458 contra
819 2408 850 2458 te
862 2417 948 2458 arma

55 2476 178 2550 ferrem,
193 2474 316 2537 Italiam
331 2476 467 2557 reliqui.''
508 2477 554 2536 At
566 2476 662 2548 Sulla,
677 2477 873 2538 adolescentis
886 2478 946 2538 offi-

56 2557 104 2618 cio
118 2555 301 2629 collaudato,
316 2557 418 2617 omnia
440 2577 566 2617 munera
580 2557 617 2629 ei,
631 2577 709 2636 quae
722 2557 852 2618 Athenis
866 2578 947 2619 acce-

55 2645 154 2717 perat,
182 2637 370 2715 proficiscens
400 2637 490 2717 jussit
517 2637 636 2697 deferri.
688 2636 751 2696 Hic
778 2638 947 2717 complures
961 2637 1000 2701 30

55 2736 154 2778 annos
167 2726 311 2789 moratus,
325 2736 394 2776 cum
416 2727 447 2778 et
468 2719 512 2777 rei
534 2717 678 2777 familiari
698 2726 818 2778 tantum
839 2738 947 2797 operae

55 2797 154 2869 daret,
166 2806 314 2876 quantum
328 2817 389 2856 non
403 2797 563 2876 indiligens
574 2798 696 2858 deberet
710 2807 796 2876 pater
806 2798 946 2871 familias,

55 2887 88 2938 et
111 2877 215 2938 omnia
239 2876 294 2937 reli
316 2897 356 2937 ua
380 2885 516 2956 tempora
536 2886 590 2936 aut
613 2877 722 2937 litteris
745 2888 799 2938 aut
819 2878 946 2938 Atheni·

56 2958 175 3018 ensium
198 2957 240 3017 rei
262 2977 304 3035 pu
326 2956 402 3016 lioae
422 2958 577 3029 tribueret,
599 2956 695 3017 nihilo
719 2957 946 3017 minus‘amicia

56 3037 177 3097 urbana
198 3036 295 3099 officia
315 3036 473 3115 praestitit.
514 3037 595 3096 Nam
609 3045 640 3096 et
653 3036 692 3096 ad
707 3037 946 3097 comitiacorum
960 3037 999 3096 35

56 3117 230 3187 ventitavit,
245 3126 283 3188 et,
298 3117 323 3175 si
338 3114 397 3195 qua
418 3137 464 3176 res
485 3118 580 3196 major
601 3126 669 3176 acta
690 3125 742 3188 est,
757 3136 817 3176 non
831 3115 945 3188 defuit;

56 3197 136 3258 sicut
149 3195 287 3256 Ciceroni
308 3196 340 3254 in
360 3197 498 3256 omnibus
519 3197 582 3275 ejus
602 3196 743 3274 periculis
763 3194 945 3273 singularem

56 3277 148 3337 fidem
171 3276 326 3355 praebuit:
348 3277 397 3334 cui
417 3297 456 3335 ex
477 3277 577 3354 patria
595 3275 627 3333 fu
651 3274 721 3332 'enti
739 3273 795 3331 HS
815 3274 946 3331 ducenta

57 3366 87 3418 et
101 3355 324 3437 quinquaginta
338 3355 423 3415 milia
436 3355 570 3416 donavit.
638 3349 829 3427 tanquillatis
842 3357 944 3406 autem
