2346 3704
142 107 185 174 76
418 124 630 173 connum
660 124 854 173 uarorrs.

195 281 345 363 praesidio
358 282 509 362 profectus
524 290 575 342 est.
616 281 699 342 Nam
713 301 784 342 oum
799 281 854 342 illo
866 280 1017 356 venisset,
1028 282 1110 363 jam'

196 362 366 441 Agesilaus,
374 362 479 423 multis
489 362 562 422 locis
572 362 763 442 expugnatis,
771 383 884 442 magna
894 372 962 423 erat
972 362 1104 442 praeda
1151 378 1152 431 t

196 443 336 522 potitus·
358 442 442 503 Laco
462 451 574 515 autem,
597 464 666 503 cum
686 442 804 505 videret
824 443 925 503 hostes
946 443 1102 523 equitatu
1151 442 1152 511 ἦ

197 543 347 601 superare,
360 543 528 602 numquam
541 523 574 582 in
588 543 695 601 campo
708 523 756 583 sui
769 524 841 583 fecit
853 531 1056 602 potestatem,
1068 531 1103 583 et
1151 526 1152 597 l

162 601 313 664 5iislocis
321 603 811 682 manumconseruit‚quibusplus
819 602 973 682 pedestres
983 603 1102 682 copiae
1151 660 1152 673 q

195 683 341 745 valerent
369 682 493 763 Pepulit
502 703 582 761 ergo,
591 682 836 761 quotiescumque
846 703 1030 762 congressus
1042 690 1099 755 est,
1151 686 1152 765 l

196 762 293 823 multo
315 763 442 843 majores
464 763 706 824 adversariorum
722 763 824 843 copias
844 773 875 822 et
894 763 938 823 sio
958 764 996 822 in
1014 762 1100 823 Asia
1151 768 1152 843 l

196 852 333 906 versatus
347 853 399 916 est,
413 844 448 903 ut
462 843 597 902 omnium
618 842 759 922 opinione
771 844 870 906 victor
883 843 1066 903 duceretur.

237 923 295 984 IV.
316 923 379 984 Hic
394 944 463 983 oum
479 924 545 1003 jam
562 922 664 983 animo
677 923 875 983 meditaretur
888 923 1049 1002 proficisci
1063 924 1098 982 in
1151 928 1152 931 ’

143 1003 183 1065 10
197 1003 304 1065 Persas
317 1012 348 1063 et
361 1004 460 1084 ipsum
470 1024 571 1083 regem
585 1003 707 1076 adoriri,
718 1003 843 1063 nuntius
857 1003 885 1063 ei
899 1004 992 1064 domo
1005 1004 1098 1066 venit
1151 1024 1152 1027 ¹

197 1085 378 1164 ephororum
401 1085 503 1157 missu,
524 1083 639 1144 bellum
659 1083 858 1144 Athenienses
886 1091 916 1144 et
943 1083 1096 1145 Boeotios
1151 1088 1152 1169 J

196 1164 341 1225 indixisse
361 1163 624 1236 Lacedaemoniis;
645 1184 738 1244 quare
751 1164 855 1224 venire
869 1185 907 1224 ne
921 1163 1094 1225 dubitaret
1151 1174 1152 1233 l

196 1244 236 1304 In
249 1245 380 1305 hoonon
399 1245 499 1304 minus
514 1245 577 1325 ejus
599 1245 694 1323 pietas
714 1244 903 1324 suspicienda
925 1253 971 1304 ost
994 1265 1093 1324 quam

196 1325 294 1386 virtus
315 1323 441 1385 bellica:
467 1324 527 1403 qui,
549 1345 617 1384 cum
639 1324 748 1384 victori
768 1335 917 1403 praeesset
937 1325 1092 1385 exercitui
1151 1346 1152 1369 ³

144 1403 183 1464 15
197 1404 423 1483 maximamque
443 1404 568 1465 haberet
581 1404 724 1464 fiduciam
745 1405 830 1484 regni
850 1405 1017 1464 Persarum
1037 1426 1091 1486 po

196 1483 306 1558 tiundi‚
340 1493 428 1545 tanta
460 1484 607 1544 modestia
641 1485 722 1545 dicto
751 1485 876 1545 audiens
903 1485 964 1545 fuit
993 1486 1089 1566 jussis

196 1563 366 1625 absentium
388 1564 630 1644 magistratuum,
644 1573 679 1625 ut
700 1565 726 1625 si
747 1565 885 1644 privatus
908 1565 941 1624 in
962 1567 1088 1627 comitio

197 1652 273 1705 esset
285 1643 421 1724 Spartae.
461 1644 555 1724 Cujus
568 1645 743 1723 exemplum
757 1645 875 1705 utinam
888 1646 1086 1724 imperatores

196 1724 292 1785 nostri
357 1725 389 1784 ui
398 1723 579 1787 voluissent!
621 1724 940 1786 Sedillucredeamus.
977 1725 1085 1805 Agesi-

143 1805 184 1866 20
197 1805 264 1866 laus
278 1826 317 1885 op
352 1805 504 1866 entissime
518 1825 610 1884 regno
624 1805 799 1884 praeposuit
809 1805 921 1866 bonam
931 1806 1083 1866 existima

195 1887 319 1959 tionem,
329 1885 485 1965 multoque
494 1885 652 1965 gloriosius
663 1885 762 1959 duxit,
772 1886 797 1946 si
810 1886 956 1946 institutis
987 1887 1082 1948 atriae

196 1967 353 2046 paruisset,
367 1986 458 2045 quam
472 1965 498 2026 si
511 1965 592 2026 bello
605 1974 773 2045 superasset
786 1964 902 2027 Asiam.
978 1987 1013 2026 ac
1029 1968 1081 2046 igi-

197 2055 248 2107 tur
270 2053 372 2106 mente
397 2045 642 2124 Hellespontum·
659 2047 760 2126 copias
787 2046 914 2126 trajecit,
937 2042 1083 2126 tantaque'

196 2147 267 2186 usus
278 2134 322 2186 est
332 2126 493 2197 celeritate,
505 2134 549 2199 ut,
560 2126 640 2204 quod
655 2126 712 2185 iter
725 2126 846 2186 Xerxes
857 2147 937 2187 anno
946 2134 1078 2188 vertente

142 2205 182 2267 25
196 2207 372 2278 confecerat,
386 2205 436 2265 hio
455 2205 609 2266 transierit
629 2205 754 2284 triginta
768 2206 881 2266 diebus.
923 2206 998 2267 (lum
1013 2207 1076 2286 jam

195 2286 279 2347 haud
301 2287 345 2346 ita
366 2284 456 2365 longe
478 2285 595 2346 abesset
615 2307 635 2347 a
657 2285 871 2365 Peloponneso,
894 2286 1030 2347 obsistere
1048 2287 1075 2348 ei

196 2366 297 2427 conati
316 2375 388 2426 sunt
399 2365 599 2426 Athenienses
620 2375 651 2427 ot
672 2365 790 2426 Boeotii
811 2367 960 2445 ceterique
977 2387 1074 2429 eorum

195 2447 268 2507 socii
282 2447 364 2526 apud
374 2444 558 2506 Coroneam:
580 2466 654 2524 quos
664 2467 766 2507 omnes
776 2447 864 2525 gravi
874 2447 986 2526 proelio
994 2448 1071 2511 vicit

196 2527 300 2607 Hujus
321 2525 464 2588 victoriae
483 2525 534 2588 vel
556 2526 695 2586 maxima
718 2526 777 2586 fuit
801 2526 876 2600 laus,
901 2528 988 2606 quod,
1007 2549 1070 2589 cum

142 2607 182 2667 30
195 2606 333 2687 plerique
354 2626 395 2666 ex
415 2605 490 2685 fuga
510 2625 543 2666 so
561 2606 594 2664 in
610 2606 759 2685 templum
774 2606 931 2667 Minervae
945 2609 1070 2687 conjecis-

195 2694 271 2759 sent,
285 2695 537 2765 quaerereturque
559 2685 598 2746 ab
612 2706 656 2760 eo,
670 2686 744 2766 quid
765 2686 812 2746 his
832 2687 927 2747 vallet
938 2687 1006 2761 fieri,
1018 2689 1068 2749 etsi

196 2766 314 2846 aliquot
325 2765 455 2829 vulnera
468 2770 626 2846 acceperat
646 2787 681 2826 eo
703 2766 818 2845 proelio
840 2775 870 2827 et
892 2767 985 2827 iratus
995 2769 1067 2829 vide·

196 2847 288 2908 batur
309 2846 457 2919 omnibus,
471 2847 525 2926 qui
545 2848 689 2908 adversus
708 2866 795 2906 arma
815 2846 960 2920 tulerant,
977 2856 1066 2910 tamen

142 3005 182 3068 35
195 3029 268 3070 vero
281 3007 339 3068 hoc
352 3005 450 3068 solum
471 3005 503 3065 in
523 3005 653 3068 Graecia
672 3006 752 3080 fecit,
766 3015 802 3067 ut
822 3008 937 3086 templa
957 3008 1064 3070 deorum

196 3097 300 3148 sancta
313 3086 447 3158 haberet,
457 3086 510 3146 sed
523 3085 616 3147 etiam
629 3087 712 3166 apud
726 3086 870 3148 barbaros
883 3109 995 3148 summa
1006 3088 1063 3149 reli·

196 3168 284 3245 gione
297 3166 399 3227 omnia
411 3165 575 3227 simulacra
595 3187 721 3246 arasque
734 3168 932 3229 conservavit.
972 3167 1064 3248 Itaque

218 3245 400 3316 raedicabat‚
426 3245 532 3304 mirari
558 3265 598 3318 se,
625 3266 687 3306 non
715 3248 930 3326 sacrilegorum
956 3269 1063 3313 numero

238 3323 311 3400 beri,
330 3322 383 3404 qui
403 3323 590 3406 supplicibus
612 3344 716 3387 eorum
736 3328 922 3406 nocuissent;
947 3338 1063 3394 autnon

195 2926 339 2989 antetulit
349 2926 413 2987 irae
422 2926 599 3006 religionem
608 2934 639 2986 et
648 2947 697 2987 eos
707 2927 806 2988 vetuit
815 2926 933 2989 violari.
973 2927 1066 3010 Neque
1142 2872 1152 3245 1
