2346 3704
413 155 691 203 remeandas.
1005 136 1046 201 51

88 313 311 377 misericordia
331 312 401 372 odio
421 319 610 383 successerat,
625 319 660 370 ut
678 322 748 369 eum
766 328 820 368 suo
838 328 892 369 san
935 307 994 381 ine,

90 397 139 458 ab
155 394 342 464 Acheronte,
353 392 377 451 si
392 401 521 470 possent,
532 398 676 469 cuperent
690 388 844 449 redimere.
903 396 995 467 taque

91 478 132 536 in
159 474 247 546 urbe,
269 470 462 532 celeberrimo
488 471 562 543 loco,
587 470 685 530 elatus
709 467 838 547 publice,
863 467 994 547 sepulcri

92 563 300 616 monumento
315 553 444 612 donatus
458 559 510 611 est.
552 550 644 611 Diem
665 549 741 611 obiit
761 549 880 610 circiter
900 568 995 609 annos

4 638 5 643 ’
93 634 327 716 quinquaginta
348 632 482 713 quinque
502 641 600 703 natus,
619 640 762 709 quartum
782 637 850 708 post
870 639 995 702 annum,
1029 629 1048 689 5

94 735 198 797 quam
212 734 250 775 ex
264 713 472 794 Peloponneso
485 711 519 771 in
532 710 669 771 Siciliam
683 709 822 773 redierat.

402 956 698 972 Ν

299 1150 378 1225 ΧΙ.
412 1148 800 1224 IPHICRATES.

444 1314 658 1357 -wossozoo—

143 1436 171 1498 1.
191 1436 394 1497 Irmcnnrns
407 1434 602 1497 Atheniensis
622 1458 684 1498 non
702 1446 766 1498 tam
783 1437 994 1517 magnitudine

100 1538 207 1578 rerum
227 1525 380 1596 gestarum
394 1537 486 1597 quam
501 1517 662 1597 disciplina
675 1518 802 1579 militari
815 1519 993 1580 nobilitatus

100 1606 157 1659 est.
198 1596 274 1657 Fuit
287 1596 368 1657 enim
382 1597 452 1658 talis
466 1598 540 1671 dux,
554 1607 589 1658 ut
602 1619 663 1658 non
676 1600 775 1660 solum
794 1599 901 1660 aetatis
921 1619 994 1660 suae

101 1677 295 1757 cumprimis
314 1687 548 1757 compararetur,
561 1679 614 1738 sed
628 1699 666 1739 ne
680 1679 718 1739 de
732 1678 897 1759 majoribus
917 1689 992 1740 natu
1008 1682 1047 1743 10

5 1794 12 1807 ι
88 1758 228 1838 quidem
249 1758 409 1837 quisquam
430 1767 668 1838 anteponeretur.
710 1760 846 1820 Multum
867 1760 993 1820 veroin

101 1838 185 1900 bello
206 1847 251 1900 est
271 1847 424 1910 versatus;
444 1859 532 1918 saepe
552 1840 733 1900 exercitibus
754 1838 903 1919 praefuit3
925 1859 993 1899 nus-

101 1939 198 1999 quam
221 1919 313 1998 culpa
334 1938 389 1979 sua
411 1919 490 1979 male
515 1940 578 1979 rem
602 1920 709 1997 gessit;
730 1939 847 1998 semper
867 1919 992 1981 consilio

100 1999 189 2072 vicit,
209 2007 389 2077 tantumque
410 2018 444 2059 eo
464 2000 571 2072 valuit,
586 2009 621 2059 ut
642 1999 739 2060 multa
759 2000 792 2059 in
813 2020 845 2060 re
865 1999 993 2060 militari

5 2148 9 2157 ,
102 2080 218 2161 partim
232 2100 312 2142 nove
325 2078 471 2153 attulerit,
482 2079 595 2158 partim
606 2077 731 2140 meliora
744 2079 857 2141 fecerit.
899 2078 993 2141 Nam·
1007 2083 1046 2144 15

15 2163 19 2167 ’
102 2181 164 2240 que
177 2159 230 2220 ille
243 2159 395 2239 pedestria
413 2179 499 2220 arma
512 2159 652 2232 mutavit,
667 2179 736 2220 cum
751 2169 821 2221 ante
835 2159 924 2221 illum
938 2161 992 2223 im·

102 2248 273 2320 peratorem
293 2239 436 2300 maximis
456 2238 569 2319 clipeis,
584 2239 726 2301 brevibus
746 2241 848 2315 hastis,
867 2242 991 2304 minutis

101 2320 215 2400 gladiis
229 2328 394 2380 uterentur.
435 2319 682 2380 Illeecontrario
694 2321 808 2401 peltam
840 2342 874 2382 ro
884 2342 992 2402 parma

101 2400 176 2462 fecit
191 2399 224 2474 (a
238 2420 298 2480 quo
311 2408 415 2478 postea
427 2399 574 2480 peltastae
588 2401 703 2480 pedites
722 2343 942 2483 appeliaintur),
957 2414 992 2465 ut

100 2482 257 2562 admotus
272 2500 491 2562 concursusque
504 2490 601 2542 essent
615 2482 750 2543 leviores.
792 2483 910 2546 Hastae
930 2505 991 2545 mo
1006 2485 1045 2547 20

100 2562 178 2622 dum
189 2560 375 2641 duplicavit3
389 2561 507 2641 gladios
517 2561 666 2640 longiores
677 2563 757 2625 fecit.
798 2562 885 2625 Idem
896 2584 991 2644 genus

100 2641 268 2701 loricarum
285 2642 417 2702 mutavit
430 2650 461 2702 et
473 2662 529 2721 pro
545 2643 631 2702 sertis
652 2651 743 2723 atque
763 2645 862 2705 aeneis
883 2644 991 2707 linteas

100 2721 195 2781 dedit.
231 2721 302 2797 Quo
310 2719 390 2781 facto
401 2723 601 2800 expeditiores
612 2723 723 2785 milites
734 2724 873 2786 reddidit.
909 2725 990 2787 Nam

100 2801 236 2881 pondere
249 2799 393 2876 detracto,
408 2802 489 2882 quod
510 2823 604 2883 oeque
625 2823 732 2883 corpus
753 2813 867 2884 tegeret
880 2814 911 2867 et
924 2805 991 2868 leve

100 2889 186 2953 esset,
202 2881 329 2944 curavit.
1005 2885 1044 2948 25

143 2959 187 3021 Π.
203 2960 326 3023 Bellum
341 2981 411 3022 cum
425 2959 592 3024 Thracibus
604 2962 711 3043 gessit;
725 2962 990 3039 Seuthen,sociu1n

99 3040 346 3115 Atheniensium,
370 3041 403 3104 iu
430 3063 557 3125 regnum
584 3044 722 3106 restituit.
764 3043 859 3122 Apud
887 3044 990 3107 Oorin-

100 3122 191 3182 thum
215 3129 303 3183 tanta
326 3122 486 3191 severitate
509 3123 656 3185 exercitui
676 3123 817 3206 praefuit,
832 3134 867 3187 ut
886 3124 990 3187 nullae

100 3221 249 3280 umquam
263 3201 296 3265 in
310 3201 441 3268 Graecia
461 3212 558 3285 neque
578 3203 800 3265 exercitatiores
819 3204 922 3282 copiae
941 3222 990 3265 ne·

101 3301 162 3361 que
181 3282 279 3361 magia
299 3283 381 3347 dicto
401 3283 558 3348 audientes
575 3283 690 3342 fuerint
708 3282 796 3352 duci3
817 3283 849 3341 in
863 3300 989 3358 eamque
1003 3280 1043 3342 30

101 3362 351 3428 consuetudinem
371 3362 512 3436 adduxit,
530 3369 573 3435 ut,
593 3380 663 3422 cum
683 3357 791 3439 proelii
810 3358 929 3435 signum
950 3355 989 3417 ab
