2346 3704
149 157 193 221 60
222 186 225 193 ν
428 168 641 217 consnsrr
670 167 864 216 annom.

242 325 282 388 V.
304 324 391 387 Haec
411 324 486 386 dum
507 336 663 405 geruntur,
677 324 868 386 Artaxerxes
889 325 1105 400 reminiscens,

202 427 222 467 a
245 415 359 486 quanto
386 406 467 466 bello
494 404 535 466 ad
562 426 654 484 quam
678 426 808 484 parvam
831 406 898 465 rem
922 407 1104 486 principem

202 487 314 547 ducum
334 487 470 559 misisset,
488 506 520 546 se
540 486 603 564 ipse
623 485 818 565 reprehendit
838 494 868 545 et
888 486 1038 545 nuntium
1061 486 1104 546 ad
1154 516 1157 569 2,

202 565 369 627 exercitum
383 565 469 626 Acen
491 566 581 638 misit,
596 566 677 644 quod
694 566 832 626 nondum
847 564 1015 625 Datamem
1031 586 1105 645 pro-
1156 582 1157 627 t

169 650 189 709 5
203 648 315 708 fectum
325 646 463 725 putabat,
473 646 525 725 qui
535 646 657 718 diceret,
666 666 704 705 ne
717 645 757 705 ab
768 645 906 706 exercitu
917 646 1103 707 discederet-
1155 670 1157 769 q

203 727 266 787 Hic
293 727 469 806 priusquam
496 726 677 805 perveniret,
701 745 762 805 quo
786 734 854 786 erat
875 726 1043 804 profectus,
1068 727 1103 785 in
1156 774 1157 779 κ

203 808 309 867 itinere
330 806 479 880 convenit,
494 806 546 885 qui
563 805 673 885 Aspim
693 805 855 867 ducebant.
898 805 972 882 Qua
993 806 1102 866 celeri-
1157 800 1158 895 l

203 897 266 948 tata
279 907 349 946 cum
363 906 505 966 magnam
520 885 762 947 benevolentiam
773 886 852 965 regis
866 885 1018 946 Datames
1029 906 1102 948 con-
1157 900 1158 947 l

203 976 321 1028 secutus
335 975 418 1038 esset,
432 986 493 1026 non
514 966 660 1025 minorem
682 965 830 1026 invidiam
852 966 1028 1026 aulicorum
1048 987 1101 1027 ex·
1157 958 1158 973 ¹

151 1050 189 1112 10
204 1048 291 1127 cepit,
311 1047 363 1126 qui
387 1046 477 1105 illum
501 1065 596 1104 unum
620 1045 717 1124 pluris
737 1066 830 1124 quarn
851 1066 882 1105 se
903 1066 1009 1107 omnes
1031 1046 1101 1107 fieri
1158 1062 1159 1145 q

203 1127 356 1189 videbant.
399 1127 469 1204 Quo
488 1125 568 1185 facto
589 1126 692 1185 cuncti
712 1126 752 1185 ad
773 1145 843 1185 eum
857 1125 1100 1204 opprimendum
1158 1170 1159 1191 1

204 1216 424 1269 consenserunt
465 1205 553 1266 Haec
571 1203 732 1279 Pandates‚
746 1226 839 1285 gazae
860 1215 960 1267 custos
981 1208 1097 1287 regiae,

204 1289 318 1348 amicus
332 1286 467 1359 Datami,
481 1286 593 1365 perscri
616 1295 648 1346 ta
662 1286 690 1345 ei
703 1286 807 1357 mittit,
823 1287 855 1345 in
870 1286 981 1365 quibus
996 1288 1097 1361 docet,
1159 1322 1160 1375 q

204 1388 273 1428 eum
288 1387 397 1445 magno
412 1366 475 1427 fore
488 1307 632 1446 periculi),
646 1366 671 1426 si
692 1366 766 1446 quid
781 1366 835 1426 illo
849 1366 1022 1445 imperante
1043 1368 1098 1427 ad·
1159 1378 1160 1421 1

152 1452 190 1513 15
203 1446 283 1510 versi
296 1446 330 1506 in
343 1446 484 1526 Aegypto
502 1447 667 1508 accidisset
708 1446 851 1526 Namque
864 1467 932 1506 earn
947 1467 1011 1507 esse
1025 1468 1097 1508 con·
1159 1456 1160 1475 ¹

204 1527 393 1588 suetudinem
408 1527 530 1605 regiam,
544 1536 580 1588 ut
593 1548 678 1588 casus
693 1528 834 1589 adversos
851 1527 1027 1587 hominibus
1042 1529 1097 1588 tri·

204 1608 309 1681 buant,
329 1607 474 1668 secundos
494 1607 633 1667 fortunae
653 1627 740 1668 suae:
762 1628 822 1687 quo
845 1606 921 1680 fieri,
942 1617 977 1668 ut
1003 1608 1097 1670 facile

204 1688 401 1768 impellantur
419 1687 460 1746 ad
473 1708 576 1747 eorum
590 1688 762 1767 perniciem,
777 1707 907 1768 quorum
928 1688 1025 1749 ductu
1048 1710 1096 1751 res

204 1769 284 1829 male
304 1776 404 1849 gestae
424 1767 609 1828 nuntientur.
652 1767 748 1828 Illum
769 1770 825 1829 hoc
846 1769 960 1848 majore
977 1769 1044 1831 fore
1061 1772 1095 1831 in
1154 1794 1161 1843 ·;

152 1856 191 1917 20
205 1849 384 1920 discrimine,
406 1848 495 1926 quod,
516 1849 625 1927 quibus
649 1869 704 1908 rex
728 1850 863 1909 maxime
886 1850 1018 1925 obediat,
1044 1873 1095 1914 eos

204 1931 316 1991 habeat
338 1928 563 1988 inimicissimos.
605 1928 730 1989 Talibus
751 1929 804 1989 ille
824 1930 932 1991 litteris
954 1933 1094 2012 cognitis,

205 2031 274 2071 cum
284 2012 349 2089 jam
363 2009 403 2068 ad
416 2009 582 2069 exercitum
592 2009 679 2069 Acen
689 2011 827 2083 venisset,
838 2012 920 2091 quod
933 2033 995 2072 non
1010 2014 1095 2094 igno·
1161 2036 1162 2089 i

205 2092 293 2151 rabat
317 2110 352 2149 ea
372 2108 442 2150 vere
465 2089 587 2168 scripta,
608 2090 769 2151 desciscere
793 2111 812 2151 a
834 2112 904 2170 rege
926 2094 1092 2156 constituit
1151 2100 1162 2169 ,'

205 2172 312 2250 Neque
325 2179 426 2230 tamen
440 2170 605 2248 quidquam
620 2170 700 2243 fecit,
715 2171 797 2250 quod
810 2171 870 2232 fide
890 2192 945 2232 sua
958 2182 1037 2235 esset
1050 2176 1093 2234 in·

151 2259 191 2320 25
205 2252 339 2331 dignum.
394 2249 477 2309 Nam
503 2249 713 2311 Mandroclem
741 2250 918 2331 Magnetem
944 2255 1093 2316 exercitui
1161 2296 1162 2317 t

205 2331 366 2412 praefecit3
393 2329 456 2410 ipse
480 2350 549 2390 curn
573 2330 634 2390 suis
657 2331 690 2391 in
714 2330 941 2411 Cappadociam
965 2334 1093 2397 discedit
1161 2398 1162 2407 ,

206 2415 456 2494 conjunctamque
475 2410 546 2471 huic
567 2410 811 2492 Paphlagoniam
829 2422 967 2492 occupat,
981 2415 1092 2490 celans,
1161 2414 1162 2457 ἕ

205 2515 265 2574 qua
274 2493 431 2555 voluntate
444 2500 519 2552 esset
532 2492 564 2551 in
578 2512 697 2572 regem3
711 2492 791 2553 clam
806 2512 875 2552 cum
884 2493 1092 2558 Ariobarzane
1161 2504 1162 2521 ¹

204 2575 278 2635 facit
305 2572 479 2646 amicitiam,
503 2592 629 2633 manum
653 2581 818 2652 comparat,
842 2573 932 2634 urbes
958 2576 1092 2638 munitas

151 2661 191 2722 30
204 2657 265 2716 suis
285 2654 412 2714 tuendas
432 2653 535 2713 tradit.

245 2735 302 2797 VI.
324 2734 384 2795 Sed
398 2734 472 2793 haec
485 2742 608 2813 propter
622 2732 753 2794 hiemale
766 2742 886 2813 tempus
906 2733 1007 2795 minus
1025 2756 1090 2815 pro
1161 2786 1162 2793 ,

204 2837 289 2897 spere
309 2814 519 2895 procedebant.
561 2813 669 2887 Audit,
684 2812 802 2875 Pisidas
822 2814 970 2894 quasdam
990 2817 1089 2896 copias
1161 2816 1162 2873 i

205 2900 348 2961 adversus
362 2917 393 2957 se
406 2915 522 2975 parare.
564 2894 680 2954 Filium
695 2915 730 2955 eo
743 2894 908 2955 Arsideum
925 2915 995 2956 curn
1008 2916 1089 2957 exer-

205 2981 268 3041 citu
289 2978 391 3039 mittit.
433 2975 524 3036 Cadit
544 2975 577 3034 in
597 2974 712 3054 proelio
734 2976 913 3036 adolescens.
956 2975 1088 3038 Proficis-
1161 3000 1162 3003 ¹

151 3063 190 3124 35
205 3062 284 3131 citur
307 3079 342 3119 eo
366 3065 453 3137 pater
476 3076 537 3115 non
561 3056 604 3116 ita
629 3074 698 3115 cum
722 3072 833 3134 magna
855 3075 958 3128 manu,
981 3056 1086 3131 celans,

96 3138 100 3145 ’
205 3149 354 3221 quantum
374 3137 486 3198 vulnus
509 3134 679 3214 accepisset,
699 3135 779 3215 quod
803 3133 886 3213 prius
910 3135 950 3195 ad
975 3135 1086 3198 hostem

205 3219 363 3300 pervenire
377 3215 527 3294 cupiebat,
540 3235 633 3294 quam
647 3215 685 3274 de
699 3215 825 3274 ramale
842 3224 927 3294 gesta
947 3214 1030 3276 fama
1048 3218 1085 3277 ad
1161 3254 1162 3257 =

205 3320 273 3359 suos
287 3296 467 3377 perveniret,
481 3315 519 3354 ne
535 3295 655 3372 cognita
677 3294 733 3353 filii
754 3303 850 3354 morte
871 3295 966 3354 animi
986 3291 1085 3356 debili·

206 3387 344 3438 tarentur
357 3376 499 3436 militum.
541 3374 612 3451 Quo
626 3373 829 3447 contenderat,
843 3374 982 3453 pervenit
995 3376 1084 3456 iisque
