<?xml version="1.0" encoding="UTF-8"?>
<!DOCTYPE html PUBLIC "-//W3C//DTD XHTML 1.0 Transitional//EN"
    "http://www.w3.org/TR/xhtml1/DTD/xhtml1-transitional.dtd">
<html xmlns="http://www.w3.org/1999/xhtml" xml:lang="en" lang="en">
 <head>
  <title>
</title>
<meta http-equiv="Content-Type" content="text/html;charset=utf-8" />
  <meta name='ocr-system' content='tesseract 3.04.00' />
  <meta name='ocr-capabilities' content='ocr_page ocr_carea ocr_par ocr_line ocrx_word'/>
</head>
<body>
  <div class='ocr_page' id='page_1' title='image "./corneliinepotis00stuagoog_0111.png"; bbox 0 0 2288 3698; ppageno 0'>
   <div class='ocr_carea' id='block_1_1' title="bbox 150 155 864 219">
    <p class='ocr_par' dir='ltr' id='par_1_1' title="bbox 150 155 864 219">
     <span class='ocr_line' id='line_1_1' title="bbox 150 155 864 219; baseline -0.004 0"><span class='ocrx_word' id='word_1_1' title='bbox 150 155 215 219; x_wconf 81' lang='grc'>106</span> <span class='ocrx_word' id='word_1_2' title='bbox 428 168 641 216; x_wconf 76' lang='lat' dir='ltr'>conunnrr</span> <span class='ocrx_word' id='word_1_3' title='bbox 669 167 864 216; x_wconf 74' lang='lat' dir='ltr'>rarorrs.</span> 
     </span>
    </p>
   </div>
   <div class='ocr_carea' id='block_1_2' title="bbox 144 323 1130 1845">
    <p class='ocr_par' dir='ltr' id='par_1_2' title="bbox 144 323 1130 1845">
     <span class='ocr_line' id='line_1_2' title="bbox 201 323 1084 405; baseline 0 -19"><span class='ocrx_word' id='word_1_4' title='bbox 201 326 331 398; x_wconf 87' lang='lat' dir='ltr'>Sabinis,</span> <span class='ocrx_word' id='word_1_5' title='bbox 342 327 422 405; x_wconf 92' lang='lat' dir='ltr'>quod</span> <span class='ocrx_word' id='word_1_6' title='bbox 436 326 478 386; x_wconf 94' lang='lat' dir='ltr'>ibi</span> <span class='ocrx_word' id='word_1_7' title='bbox 493 325 648 385; x_wconf 87' lang='lat' dir='ltr'>heredium</span> <span class='ocrx_word' id='word_1_8' title='bbox 662 345 682 384; x_wconf 91' lang='lat' dir='ltr'>a</span> <span class='ocrx_word' id='word_1_9' title='bbox 695 333 782 404; x_wconf 89' lang='lat' dir='ltr'>patre</span> <span class='ocrx_word' id='word_1_10' title='bbox 796 323 936 385; x_wconf 88' lang='lat' dir='ltr'>relictum</span> <span class='ocrx_word' id='word_1_11' title='bbox 949 324 1084 386; x_wconf 85' lang='lat' dir='ltr'>habebat</span> 
     </span>
     <span class='ocr_line' id='line_1_3' title="bbox 200 405 1084 483; baseline -0.001 -17"><span class='ocrx_word' id='word_1_12' title='bbox 200 406 278 466; x_wconf 91' lang='lat' dir='ltr'>Inde</span> <span class='ocrx_word' id='word_1_13' title='bbox 301 407 423 467; x_wconf 87' lang='lat' dir='ltr'>hortatu</span> <span class='ocrx_word' id='word_1_14' title='bbox 443 406 479 465; x_wconf 90' lang='lat' dir='ltr'>L.</span> <span class='ocrx_word' id='word_1_15' title='bbox 494 405 613 467; x_wconf 88' lang='lat' dir='ltr'>Valerii</span> <span class='ocrx_word' id='word_1_16' title='bbox 636 405 750 476; x_wconf 82' lang='lat' dir='ltr'>Flacci,</span> <span class='ocrx_word' id='word_1_17' title='bbox 764 424 854 483; x_wconf 93' lang='lat' dir='ltr'>quem</span> <span class='ocrx_word' id='word_1_18' title='bbox 877 405 909 463; x_wconf 93' lang='lat' dir='ltr'>in</span> <span class='ocrx_word' id='word_1_19' title='bbox 932 406 1084 465; x_wconf 81' lang='lat' dir='ltr'>consulatu</span> 
     </span>
     <span class='ocr_line' id='line_1_4' title="bbox 201 483 1084 565; baseline -0.001 -19"><span class='ocrx_word' id='word_1_20' title='bbox 201 507 385 565; x_wconf 78' lang='lat' dir='ltr'>censuraque</span> <span class='ocrx_word' id='word_1_21' title='bbox 407 486 515 546; x_wconf 81' lang='lat' dir='ltr'>habuit</span> <span class='ocrx_word' id='word_1_22' title='bbox 535 484 691 563; x_wconf 85' lang='lat' dir='ltr'>collegam,</span> <span class='ocrx_word' id='word_1_23' title='bbox 706 494 741 544; x_wconf 94' lang='lat' dir='ltr'>ut</span> <span class='ocrx_word' id='word_1_24' title='bbox 762 484 806 544; x_wconf 91' lang='lat' dir='ltr'>M.</span> <span class='ocrx_word' id='word_1_25' title='bbox 821 483 975 562; x_wconf 86' lang='lat' dir='ltr'>Perperna</span> <span class='ocrx_word' id='word_1_26' title='bbox 990 505 1084 545; x_wconf 83' lang='lat' dir='ltr'>censo</span> 
     </span>
     <span class='ocr_line' id='line_1_5' title="bbox 201 564 1084 643; baseline -0.001 -18"><span class='ocrx_word' id='word_1_27' title='bbox 201 567 264 625; x_wconf 89' lang='lat' dir='ltr'>rius</span> <span class='ocrx_word' id='word_1_28' title='bbox 277 586 401 625; x_wconf 86' lang='lat' dir='ltr'>narrare</span> <span class='ocrx_word' id='word_1_29' title='bbox 414 565 520 626; x_wconf 90' lang='lat' dir='ltr'>solitus</span> <span class='ocrx_word' id='word_1_30' title='bbox 540 575 592 636; x_wconf 89' lang='lat' dir='ltr'>est,</span> <span class='ocrx_word' id='word_1_31' title='bbox 607 565 737 624; x_wconf 84' lang='lat' dir='ltr'>Romam</span> <span class='ocrx_word' id='word_1_32' title='bbox 758 564 942 643; x_wconf 75' lang='lat' dir='ltr'>demigravit</span> <span class='ocrx_word' id='word_1_33' title='bbox 962 566 993 623; x_wconf 92' lang='lat' dir='ltr'>in</span> <span class='ocrx_word' id='word_1_34' title='bbox 1013 565 1084 626; x_wconf 85' lang='lat' dir='ltr'>foro</span> 
     </span>
     <span class='ocr_line' id='line_1_6' title="bbox 167 644 1082 786; baseline -0.002 -80"><span class='ocrx_word' id='word_1_35' title='bbox 167 647 186 705; x_wconf 88' lang='lat'>5</span> <span class='ocrx_word' id='word_1_36' title='bbox 199 667 258 786; x_wconf 67' lang='lat' dir='ltr'>que</span> <span class='ocrx_word' id='word_1_37' title='bbox 268 666 330 706; x_wconf 88' lang='lat' dir='ltr'>esse</span> <span class='ocrx_word' id='word_1_38' title='bbox 340 647 444 724; x_wconf 89' lang='lat' dir='ltr'>eoepit.</span> <span class='ocrx_word' id='word_1_39' title='bbox 475 645 613 704; x_wconf 84' lang='lat' dir='ltr'>Primum</span> <span class='ocrx_word' id='word_1_40' title='bbox 624 644 808 722; x_wconf 84' lang='lat' dir='ltr'>stipendium</span> <span class='ocrx_word' id='word_1_41' title='bbox 818 645 930 704; x_wconf 89' lang='lat' dir='ltr'>meruit</span> <span class='ocrx_word' id='word_1_42' title='bbox 941 665 1082 704; x_wconf 91' lang='lat' dir='ltr'>annorum</span> 
     </span>
     <span class='ocr_line' id='line_1_7' title="bbox 221 723 1081 804; baseline -0.001 -19"><span class='ocrx_word' id='word_1_43' title='bbox 221 747 302 786; x_wconf 90' lang='lat' dir='ltr'>ecem</span> <span class='ocrx_word' id='word_1_44' title='bbox 322 736 503 804; x_wconf 85' lang='lat' dir='ltr'>septemque,</span> <span class='ocrx_word' id='word_1_45' title='bbox 518 726 557 800; x_wconf 72' lang='lat' dir='ltr'>Q.</span> <span class='ocrx_word' id='word_1_46' title='bbox 573 723 679 795; x_wconf 88' lang='lat' dir='ltr'>Fabio,</span> <span class='ocrx_word' id='word_1_47' title='bbox 697 724 740 783; x_wconf 93' lang='lat' dir='ltr'>M.</span> <span class='ocrx_word' id='word_1_48' title='bbox 756 723 886 784; x_wconf 85' lang='lat' dir='ltr'>Claudio</span> <span class='ocrx_word' id='word_1_49' title='bbox 907 724 1081 784; x_wconf 88' lang='lat' dir='ltr'>consulibus</span> 
     </span>
     <span class='ocr_line' id='line_1_8' title="bbox 198 803 1081 875; baseline -0.002 -10"><span class='ocrx_word' id='word_1_50' title='bbox 198 805 351 866; x_wconf 83' lang='lat' dir='ltr'>Tribunus</span> <span class='ocrx_word' id='word_1_51' title='bbox 375 805 506 865; x_wconf 90' lang='lat' dir='ltr'>militum</span> <span class='ocrx_word' id='word_1_52' title='bbox 531 805 563 863; x_wconf 92' lang='lat' dir='ltr'>in</span> <span class='ocrx_word' id='word_1_53' title='bbox 586 804 691 865; x_wconf 81' lang='lat' dir='ltr'>Sicilia</span> <span class='ocrx_word' id='word_1_54' title='bbox 714 804 782 864; x_wconf 83' lang='lat' dir='ltr'>fuit.</span> <span class='ocrx_word' id='word_1_55' title='bbox 823 803 900 864; x_wconf 90' lang='lat' dir='ltr'>Inde</span> <span class='ocrx_word' id='word_1_56' title='bbox 929 812 963 864; x_wconf 92' lang='lat' dir='ltr'>ut</span> <span class='ocrx_word' id='word_1_57' title='bbox 989 804 1081 875; x_wconf 88' lang='lat' dir='ltr'>rediit,</span> 
     </span>
     <span class='ocr_line' id='line_1_9' title="bbox 199 884 1082 963; baseline -0.005 -17"><span class='ocrx_word' id='word_1_58' title='bbox 199 894 297 946; x_wconf 88' lang='lat' dir='ltr'>castra</span> <span class='ocrx_word' id='word_1_59' title='bbox 307 895 425 947; x_wconf 91' lang='lat' dir='ltr'>secutus</span> <span class='ocrx_word' id='word_1_60' title='bbox 439 895 483 945; x_wconf 86' lang='lat' dir='ltr'>est</span> <span class='ocrx_word' id='word_1_61' title='bbox 493 885 526 945; x_wconf 79' lang='lat' dir='ltr'>O.</span> <span class='ocrx_word' id='word_1_62' title='bbox 539 884 661 944; x_wconf 84' lang='lat' dir='ltr'>Claudii</span> <span class='ocrx_word' id='word_1_63' title='bbox 675 884 814 955; x_wconf 88' lang='lat' dir='ltr'>Neronis,</span> <span class='ocrx_word' id='word_1_64' title='bbox 824 884 987 963; x_wconf 86' lang='lat' dir='ltr'>magnique</span> <span class='ocrx_word' id='word_1_65' title='bbox 997 904 1082 963; x_wconf 86' lang='lat' dir='ltr'>opera</span> 
     </span>
     <span class='ocr_line' id='line_1_10' title="bbox 198 963 1081 1044; baseline -0.005 -19"><span class='ocrx_word' id='word_1_66' title='bbox 198 967 261 1044; x_wconf 90' lang='lat' dir='ltr'>ejus</span> <span class='ocrx_word' id='word_1_67' title='bbox 278 966 450 1025; x_wconf 86' lang='lat' dir='ltr'>existimata</span> <span class='ocrx_word' id='word_1_68' title='bbox 464 965 553 1025; x_wconf 90' lang='lat' dir='ltr'>estin</span> <span class='ocrx_word' id='word_1_69' title='bbox 568 964 683 1043; x_wconf 92' lang='lat' dir='ltr'>proelio</span> <span class='ocrx_word' id='word_1_70' title='bbox 703 984 722 1023; x_wconf 91' lang='lat' dir='ltr'>a</span> <span class='ocrx_word' id='word_1_71' title='bbox 744 964 786 1023; x_wconf 91' lang='lat' dir='ltr'>ud</span> <span class='ocrx_word' id='word_1_72' title='bbox 806 963 926 1036; x_wconf 85' lang='lat' dir='ltr'>Senam,</span> <span class='ocrx_word' id='word_1_73' title='bbox 941 984 1001 1043; x_wconf 91' lang='lat' dir='ltr'>quo</span> <span class='ocrx_word' id='word_1_74' title='bbox 1015 964 1081 1023; x_wconf 89' lang='lat' dir='ltr'>ceci-</span> 
     </span>
     <span class='ocr_line' id='line_1_11' title="bbox 145 985 1081 1122; baseline -0.006 -15"><span class='ocrx_word' id='word_1_75' title='bbox 145 1046 183 1109; x_wconf 92' lang='lat'>10</span> <span class='ocrx_word' id='word_1_76' title='bbox 198 1046 243 1107; x_wconf 92' lang='lat' dir='ltr'>dit</span> <span class='ocrx_word' id='word_1_77' title='bbox 257 1045 443 1118; x_wconf 84' lang='lat' dir='ltr'>Hasdrubal,</span> <span class='ocrx_word' id='word_1_78' title='bbox 458 1045 551 1104; x_wconf 89' lang='lat' dir='ltr'>frater</span> <span class='ocrx_word' id='word_1_79' title='bbox 572 985 765 1103; x_wconf 87' lang='lat' dir='ltr'>Hannibalis.</span> <span class='ocrx_word' id='word_1_80' title='bbox 808 1043 959 1120; x_wconf 75' lang='lat' dir='ltr'>Quaestor</span> <span class='ocrx_word' id='word_1_81' title='bbox 979 1043 1081 1122; x_wconf 88' lang='lat' dir='ltr'>obtigit</span> 
     </span>
     <span class='ocr_line' id='line_1_12' title="bbox 197 1123 1080 1203; baseline -0.002 -17"><span class='ocrx_word' id='word_1_82' title='bbox 197 1126 232 1186; x_wconf 88' lang='lat' dir='ltr'>P.</span> <span class='ocrx_word' id='word_1_83' title='bbox 248 1126 394 1186; x_wconf 82' lang='lat' dir='ltr'>Africano</span> <span class='ocrx_word' id='word_1_84' title='bbox 408 1125 532 1197; x_wconf 87' lang='lat' dir='ltr'>consuli,</span> <span class='ocrx_word' id='word_1_85' title='bbox 547 1145 615 1184; x_wconf 91' lang='lat' dir='ltr'>cum</span> <span class='ocrx_word' id='word_1_86' title='bbox 630 1143 690 1202; x_wconf 90' lang='lat' dir='ltr'>quo</span> <span class='ocrx_word' id='word_1_87' title='bbox 704 1144 765 1183; x_wconf 90' lang='lat' dir='ltr'>non</span> <span class='ocrx_word' id='word_1_88' title='bbox 785 1144 840 1203; x_wconf 93' lang='lat' dir='ltr'>pro</span> <span class='ocrx_word' id='word_1_89' title='bbox 860 1124 949 1183; x_wconf 87' lang='lat' dir='ltr'>sortis</span> <span class='ocrx_word' id='word_1_90' title='bbox 965 1123 1080 1184; x_wconf 78' lang='lat' dir='ltr'>necessi·</span> 
     </span>
     <span class='ocr_line' id='line_1_13' title="bbox 196 1204 1079 1283; baseline -0.005 -16"><span class='ocrx_word' id='word_1_91' title='bbox 196 1207 302 1267; x_wconf 90' lang='lat' dir='ltr'>tudine</span> <span class='ocrx_word' id='word_1_92' title='bbox 316 1206 411 1277; x_wconf 84' lang='lat' dir='ltr'>vixit;</span> <span class='ocrx_word' id='word_1_93' title='bbox 433 1225 563 1283; x_wconf 90' lang='lat' dir='ltr'>namque</span> <span class='ocrx_word' id='word_1_94' title='bbox 580 1204 619 1263; x_wconf 93' lang='lat' dir='ltr'>ab</span> <span class='ocrx_word' id='word_1_95' title='bbox 640 1224 675 1263; x_wconf 90' lang='lat' dir='ltr'>eo</span> <span class='ocrx_word' id='word_1_96' title='bbox 695 1224 749 1282; x_wconf 90' lang='lat' dir='ltr'>per</span> <span class='ocrx_word' id='word_1_97' title='bbox 787 1214 842 1264; x_wconf 90' lang='lat' dir='ltr'>tua</span> <span class='ocrx_word' id='word_1_98' title='bbox 861 1204 999 1264; x_wconf 88' lang='lat' dir='ltr'>dissensit</span> <span class='ocrx_word' id='word_1_99' title='bbox 1012 1205 1079 1265; x_wconf 83' lang='lat' dir='ltr'>vita</span> 
     </span>
     <span class='ocr_line' id='line_1_14' title="bbox 196 1283 1080 1364; baseline -0.006 -18"><span class='ocrx_word' id='word_1_100' title='bbox 196 1286 315 1346; x_wconf 90' lang='lat' dir='ltr'>Aedilis</span> <span class='ocrx_word' id='word_1_101' title='bbox 338 1284 434 1364; x_wconf 89' lang='lat' dir='ltr'>plebis</span> <span class='ocrx_word' id='word_1_102' title='bbox 457 1286 555 1345; x_wconf 85' lang='lat' dir='ltr'>factus</span> <span class='ocrx_word' id='word_1_103' title='bbox 582 1292 626 1344; x_wconf 88' lang='lat' dir='ltr'>est</span> <span class='ocrx_word' id='word_1_104' title='bbox 649 1305 718 1343; x_wconf 92' lang='lat' dir='ltr'>cum</span> <span class='ocrx_word' id='word_1_105' title='bbox 767 1283 919 1345; x_wconf 75' lang='lat' dir='ltr'>.Helvi0.</span> <span class='ocrx_word' id='word_1_106' title='bbox 961 1284 1080 1344; x_wconf 85' lang='lat' dir='ltr'>Praetor</span> 
     </span>
     <span class='ocr_line' id='line_1_15' title="bbox 196 1364 1080 1445; baseline -0.002 -21"><span class='ocrx_word' id='word_1_107' title='bbox 196 1366 383 1445; x_wconf 87' lang='lat' dir='ltr'>provinciam</span> <span class='ocrx_word' id='word_1_108' title='bbox 404 1365 535 1425; x_wconf 87' lang='lat' dir='ltr'>obtinuit</span> <span class='ocrx_word' id='word_1_109' title='bbox 554 1364 736 1436; x_wconf 84' lang='lat' dir='ltr'>Sardiniam,</span> <span class='ocrx_word' id='word_1_110' title='bbox 750 1384 789 1423; x_wconf 85' lang='lat' dir='ltr'>ex</span> <span class='ocrx_word' id='word_1_111' title='bbox 805 1384 867 1443; x_wconf 88' lang='lat' dir='ltr'>qua</span> <span class='ocrx_word' id='word_1_112' title='bbox 902 1374 1020 1424; x_wconf 73' lang='lat' dir='ltr'>uaestor</span> <span class='ocrx_word' id='word_1_113' title='bbox 1037 1383 1080 1424; x_wconf 91' lang='lat' dir='ltr'>su-</span> 
     </span>
     <span class='ocr_line' id='line_1_16' title="bbox 144 1385 1078 1525; baseline -0.003 -19"><span class='ocrx_word' id='word_1_114' title='bbox 144 1445 183 1506; x_wconf 80' lang='lat'>15</span> <span class='ocrx_word' id='word_1_115' title='bbox 196 1446 313 1525; x_wconf 89' lang='lat' dir='ltr'>periore</span> <span class='ocrx_word' id='word_1_116' title='bbox 339 1456 473 1524; x_wconf 87' lang='lat' dir='ltr'>tempore</span> <span class='ocrx_word' id='word_1_117' title='bbox 506 1465 546 1504; x_wconf 88' lang='lat' dir='ltr'>ex</span> <span class='ocrx_word' id='word_1_118' title='bbox 574 1443 681 1503; x_wconf 81' lang='lat' dir='ltr'>Africa</span> <span class='ocrx_word' id='word_1_119' title='bbox 709 1444 854 1504; x_wconf 88' lang='lat' dir='ltr'>decedens</span> <span class='ocrx_word' id='word_1_120' title='bbox 881 1385 921 1519; x_wconf 51' lang='grc' dir='ltr'>ὃ.</span> <span class='ocrx_word' id='word_1_121' title='bbox 950 1444 1078 1503; x_wconf 92' lang='lat' dir='ltr'>Ennium</span> 
     </span>
     <span class='ocr_line' id='line_1_17' title="bbox 196 1524 1130 1604; baseline -0.003 -19"><span class='ocrx_word' id='word_1_122' title='bbox 196 1531 316 1604; x_wconf 85' lang='lat' dir='ltr'>po&#39;e&#39;tam</span> <span class='ocrx_word' id='word_1_123' title='bbox 338 1526 522 1596; x_wconf 84' lang='lat' dir='ltr'>deduxerat3</span> <span class='ocrx_word' id='word_1_124' title='bbox 544 1524 624 1603; x_wconf 91' lang='lat' dir='ltr'>quod</span> <span class='ocrx_word' id='word_1_125' title='bbox 647 1544 708 1584; x_wconf 91' lang='lat' dir='ltr'>non</span> <span class='ocrx_word' id='word_1_126' title='bbox 730 1524 854 1584; x_wconf 90' lang='lat' dir='ltr'>minoris</span> <span class='ocrx_word' id='word_1_127' title='bbox 876 1524 1077 1584; x_wconf 84' lang='lat' dir='ltr'>existimamus</span> <span class='ocrx_word' id='word_1_128' title='bbox 1129 1526 1130 1589; x_wconf 68' lang='grc' dir='ltr'>Ξ</span> 
     </span>
     <span class='ocr_line' id='line_1_18' title="bbox 196 1603 1130 1685; baseline -0.004 -19"><span class='ocrx_word' id='word_1_129' title='bbox 196 1626 288 1684; x_wconf 92' lang='lat' dir='ltr'>quam</span> <span class='ocrx_word' id='word_1_130' title='bbox 308 1604 472 1685; x_wconf 90' lang='lat' dir='ltr'>quemlibet</span> <span class='ocrx_word' id='word_1_131' title='bbox 492 1604 712 1683; x_wconf 88' lang='lat' dir='ltr'>amplissimum</span> <span class='ocrx_word' id='word_1_132' title='bbox 732 1603 956 1664; x_wconf 79' lang='lat' dir='ltr'>Sardiniensem</span> <span class='ocrx_word' id='word_1_133' title='bbox 980 1605 1076 1664; x_wconf 92' lang='lat' dir='ltr'>trium·</span> <span class='ocrx_word' id='word_1_134' title='bbox 1129 1618 1130 1681; x_wconf 62' lang='grc' dir='ltr'>ξ</span> 
     </span>
     <span class='ocr_line' id='line_1_19' title="bbox 219 1686 1130 1746; baseline -0.003 -1"><span class='ocrx_word' id='word_1_135' title='bbox 219 1686 300 1746; x_wconf 92' lang='lat' dir='ltr'>hum.</span> <span class='ocrx_word' id='word_1_136' title='bbox 1129 1686 1130 1713; x_wconf 66' lang='lat'>³</span> 
     </span>
     <span class='ocr_line' id='line_1_20' title="bbox 196 1706 1130 1845; baseline -0.001 -19"><span class='ocrx_word' id='word_1_137' title='bbox 196 1706 279 1826; x_wconf 89' lang='lat' dir='ltr'>pII.</span> <span class='ocrx_word' id='word_1_138' title='bbox 311 1765 508 1827; x_wconf 84' lang='lat' dir='ltr'>Consulatum</span> <span class='ocrx_word' id='word_1_139' title='bbox 536 1765 626 1845; x_wconf 85' lang='lat' dir='ltr'>gessit</span> <span class='ocrx_word' id='word_1_140' title='bbox 653 1786 722 1825; x_wconf 91' lang='lat' dir='ltr'>cum</span> <span class='ocrx_word' id='word_1_141' title='bbox 751 1763 787 1825; x_wconf 88' lang='lat' dir='ltr'>L.</span> <span class='ocrx_word' id='word_1_142' title='bbox 809 1764 936 1827; x_wconf 88' lang='lat' dir='ltr'>Valerio</span> <span class='ocrx_word' id='word_1_143' title='bbox 963 1765 1077 1837; x_wconf 87' lang='lat' dir='ltr'>Flacco,</span> <span class='ocrx_word' id='word_1_144' title='bbox 1129 1776 1130 1799; x_wconf 68' lang='lat'>¹</span> 
     </span>
    </p>
   </div>
   <div class='ocr_carea' id='block_1_3' title="bbox 142 1845 1077 1984">
    <p class='ocr_par' dir='ltr' id='par_1_3' title="bbox 142 1845 1077 1984">
     <span class='ocr_line' id='line_1_21' title="bbox 142 1845 1077 1984; baseline -0.007 -73"><span class='ocrx_word' id='word_1_145' title='bbox 142 1849 182 1911; x_wconf 83' lang='lat'>20</span> <span class='ocrx_word' id='word_1_146' title='bbox 195 1856 274 1908; x_wconf 90' lang='lat' dir='ltr'>sorte</span> <span class='ocrx_word' id='word_1_147' title='bbox 287 1848 474 1925; x_wconf 87' lang='lat' dir='ltr'>provinciam</span> <span class='ocrx_word' id='word_1_148' title='bbox 485 1856 592 1906; x_wconf 90' lang='lat' dir='ltr'>nactus</span> <span class='ocrx_word' id='word_1_149' title='bbox 603 1845 786 1984; x_wconf 60' lang='lat' dir='ltr'>Hisganiam</span> <span class='ocrx_word' id='word_1_150' title='bbox 799 1847 976 1919; x_wconf 88' lang='lat' dir='ltr'>citeriorem,</span> <span class='ocrx_word' id='word_1_151' title='bbox 987 1865 1077 1924; x_wconf 85' lang='lat' dir='ltr'>exque</span> 
     </span>
    </p>
   </div>
   <div class='ocr_carea' id='block_1_4' title="bbox 142 1925 1129 3440">
    <p class='ocr_par' dir='ltr' id='par_1_4' title="bbox 142 1925 1129 2968">
     <span class='ocr_line' id='line_1_22' title="bbox 196 1925 1077 2006; baseline -0.005 -17"><span class='ocrx_word' id='word_1_152' title='bbox 196 1949 232 1989; x_wconf 85' lang='lat' dir='ltr'>ea</span> <span class='ocrx_word' id='word_1_153' title='bbox 245 1928 434 2006; x_wconf 89' lang='lat' dir='ltr'>triumphum</span> <span class='ocrx_word' id='word_1_154' title='bbox 448 1926 627 2005; x_wconf 80' lang='lat' dir='ltr'>deportavit.</span> <span class='ocrx_word' id='word_1_155' title='bbox 687 1925 718 1985; x_wconf 90' lang='lat' dir='ltr'>bi</span> <span class='ocrx_word' id='word_1_156' title='bbox 739 1947 807 1986; x_wconf 89' lang='lat' dir='ltr'>cum</span> <span class='ocrx_word' id='word_1_157' title='bbox 829 1927 943 1987; x_wconf 90' lang='lat' dir='ltr'>diutius</span> <span class='ocrx_word' id='word_1_158' title='bbox 957 1945 1077 1987; x_wconf 77' lang='lat' dir='ltr'>morare-</span> 
     </span>
     <span class='ocr_line' id='line_1_23' title="bbox 196 2005 1077 2086; baseline -0.005 -18"><span class='ocrx_word' id='word_1_159' title='bbox 196 2017 256 2081; x_wconf 91' lang='lat' dir='ltr'>tur,</span> <span class='ocrx_word' id='word_1_160' title='bbox 271 2007 305 2067; x_wconf 89' lang='lat' dir='ltr'>P.</span> <span class='ocrx_word' id='word_1_161' title='bbox 320 2007 420 2086; x_wconf 89' lang='lat' dir='ltr'>Scipio</span> <span class='ocrx_word' id='word_1_162' title='bbox 433 2006 607 2078; x_wconf 81' lang='lat' dir='ltr'>Africanus,</span> <span class='ocrx_word' id='word_1_163' title='bbox 621 2006 725 2066; x_wconf 91' lang='lat' dir='ltr'>consul</span> <span class='ocrx_word' id='word_1_164' title='bbox 746 2007 866 2079; x_wconf 90' lang='lat' dir='ltr'>iterum,</span> <span class='ocrx_word' id='word_1_165' title='bbox 881 2008 966 2086; x_wconf 89' lang='lat' dir='ltr'>cujus</span> <span class='ocrx_word' id='word_1_166' title='bbox 979 2008 1010 2066; x_wconf 91' lang='lat' dir='ltr'>in</span> <span class='ocrx_word' id='word_1_167' title='bbox 1023 2005 1077 2084; x_wconf 91' lang='lat' dir='ltr'>pri-</span> 
     </span>
     <span class='ocr_line' id='line_1_24' title="bbox 195 2085 1077 2165; baseline -0.003 -17"><span class='ocrx_word' id='word_1_168' title='bbox 195 2109 247 2149; x_wconf 90' lang='lat' dir='ltr'>ore</span> <span class='ocrx_word' id='word_1_169' title='bbox 270 2086 427 2148; x_wconf 90' lang='lat' dir='ltr'>consulatu</span> <span class='ocrx_word' id='word_1_170' title='bbox 452 2095 591 2165; x_wconf 77' lang='lat' dir='ltr'>quaestor</span> <span class='ocrx_word' id='word_1_171' title='bbox 613 2085 721 2158; x_wconf 86' lang='lat' dir='ltr'>fuerat,</span> <span class='ocrx_word' id='word_1_172' title='bbox 742 2086 841 2148; x_wconf 84' lang='lat' dir='ltr'>voluit</span> <span class='ocrx_word' id='word_1_173' title='bbox 862 2107 932 2146; x_wconf 91' lang='lat' dir='ltr'>eum</span> <span class='ocrx_word' id='word_1_174' title='bbox 956 2087 993 2146; x_wconf 94' lang='lat' dir='ltr'>de</span> <span class='ocrx_word' id='word_1_175' title='bbox 1016 2104 1077 2164; x_wconf 85' lang='lat' dir='ltr'>pro</span> 
     </span>
     <span class='ocr_line' id='line_1_25' title="bbox 195 2166 1078 2245; baseline -0.007 -16"><span class='ocrx_word' id='word_1_176' title='bbox 195 2168 297 2231; x_wconf 86' lang='lat' dir='ltr'>vincia</span> <span class='ocrx_word' id='word_1_177' title='bbox 310 2168 460 2245; x_wconf 88' lang='lat' dir='ltr'>depellere</span> <span class='ocrx_word' id='word_1_178' title='bbox 474 2176 505 2226; x_wconf 91' lang='lat' dir='ltr'>et</span> <span class='ocrx_word' id='word_1_179' title='bbox 524 2166 588 2245; x_wconf 88' lang='lat' dir='ltr'>ipse</span> <span class='ocrx_word' id='word_1_180' title='bbox 607 2167 635 2225; x_wconf 92' lang='lat' dir='ltr'>ei</span> <span class='ocrx_word' id='word_1_181' title='bbox 654 2166 829 2238; x_wconf 88' lang='lat' dir='ltr'>succedere;</span> <span class='ocrx_word' id='word_1_182' title='bbox 850 2186 947 2245; x_wconf 90' lang='lat' dir='ltr'>neque</span> <span class='ocrx_word' id='word_1_183' title='bbox 960 2166 1015 2227; x_wconf 88' lang='lat' dir='ltr'>hoe</span> <span class='ocrx_word' id='word_1_184' title='bbox 1027 2184 1078 2244; x_wconf 88' lang='lat' dir='ltr'>per</span> 
     </span>
     <span class='ocr_line' id='line_1_26' title="bbox 142 2245 1076 2326; baseline -0.004 -18"><span class='ocrx_word' id='word_1_185' title='bbox 142 2246 182 2308; x_wconf 85' lang='lat'>25</span> <span class='ocrx_word' id='word_1_186' title='bbox 195 2257 333 2309; x_wconf 90' lang='lat' dir='ltr'>senatum</span> <span class='ocrx_word' id='word_1_187' title='bbox 346 2247 461 2307; x_wconf 88' lang='lat' dir='ltr'>efficere</span> <span class='ocrx_word' id='word_1_188' title='bbox 474 2246 582 2325; x_wconf 90' lang='lat' dir='ltr'>potuit,</span> <span class='ocrx_word' id='word_1_189' title='bbox 597 2266 666 2305; x_wconf 88' lang='lat' dir='ltr'>cum</span> <span class='ocrx_word' id='word_1_190' title='bbox 680 2245 803 2325; x_wconf 92' lang='lat' dir='ltr'>quidem</span> <span class='ocrx_word' id='word_1_191' title='bbox 819 2245 920 2325; x_wconf 85' lang='lat' dir='ltr'>Scipio</span> <span class='ocrx_word' id='word_1_192' title='bbox 934 2246 1076 2326; x_wconf 87' lang='lat' dir='ltr'>principa·</span> 
     </span>
     <span class='ocr_line' id='line_1_27' title="bbox 196 2316 1129 2406; baseline -0.005 -17"><span class='ocrx_word' id='word_1_193' title='bbox 196 2337 262 2389; x_wconf 90' lang='lat' dir='ltr'>tum</span> <span class='ocrx_word' id='word_1_194' title='bbox 284 2327 458 2389; x_wconf 77' lang='lat' dir='ltr'>incivitate</span> <span class='ocrx_word' id='word_1_195' title='bbox 480 2327 644 2397; x_wconf 84' lang='lat' dir='ltr'>obtineret3</span> <span class='ocrx_word' id='word_1_196' title='bbox 665 2325 746 2404; x_wconf 91' lang='lat' dir='ltr'>quod</span> <span class='ocrx_word' id='word_1_197' title='bbox 767 2334 834 2386; x_wconf 92' lang='lat' dir='ltr'>tum</span> <span class='ocrx_word' id='word_1_198' title='bbox 855 2345 916 2387; x_wconf 93' lang='lat' dir='ltr'>non</span> <span class='ocrx_word' id='word_1_199' title='bbox 939 2324 1076 2406; x_wconf 88' lang='lat' dir='ltr'>potentia,</span> <span class='ocrx_word' id='word_1_200' title='bbox 1128 2316 1129 2365; x_wconf 49' lang='lat' dir='ltr'>l</span> 
     </span>
     <span class='ocr_line' id='line_1_28' title="bbox 195 2402 1129 2488; baseline -0.006 -18"><span class='ocrx_word' id='word_1_201' title='bbox 195 2409 246 2470; x_wconf 88' lang='lat' dir='ltr'>sed</span> <span class='ocrx_word' id='word_1_202' title='bbox 269 2408 339 2488; x_wconf 89' lang='lat' dir='ltr'>jure</span> <span class='ocrx_word' id='word_1_203' title='bbox 359 2427 406 2468; x_wconf 90' lang='lat' dir='ltr'>res</span> <span class='ocrx_word' id='word_1_204' title='bbox 427 2406 550 2486; x_wconf 88' lang='lat' dir='ltr'>publica</span> <span class='ocrx_word' id='word_1_205' title='bbox 571 2405 848 2466; x_wconf 85' lang='lat' dir='ltr'>administrabatur.</span> <span class='ocrx_word' id='word_1_206' title='bbox 890 2406 962 2482; x_wconf 75' lang='lat' dir='ltr'>Qua</span> <span class='ocrx_word' id='word_1_207' title='bbox 985 2427 1023 2466; x_wconf 85' lang='lat' dir='ltr'>ex</span> <span class='ocrx_word' id='word_1_208' title='bbox 1047 2423 1077 2464; x_wconf 89' lang='lat' dir='ltr'>re</span> <span class='ocrx_word' id='word_1_209' title='bbox 1128 2402 1129 2429; x_wconf 74' lang='lat'>³</span> 
     </span>
     <span class='ocr_line' id='line_1_29' title="bbox 195 2483 1077 2565; baseline -0.006 -16"><span class='ocrx_word' id='word_1_210' title='bbox 195 2490 291 2549; x_wconf 90' lang='lat' dir='ltr'>iratus</span> <span class='ocrx_word' id='word_1_211' title='bbox 313 2489 439 2560; x_wconf 90' lang='lat' dir='ltr'>senatui,</span> <span class='ocrx_word' id='word_1_212' title='bbox 461 2485 619 2548; x_wconf 91' lang='lat' dir='ltr'>consulatu</span> <span class='ocrx_word' id='word_1_213' title='bbox 642 2494 772 2565; x_wconf 88' lang='lat' dir='ltr'>peracto,</span> <span class='ocrx_word' id='word_1_214' title='bbox 794 2486 932 2565; x_wconf 83' lang='lat' dir='ltr'>privatus</span> <span class='ocrx_word' id='word_1_215' title='bbox 956 2488 988 2546; x_wconf 93' lang='lat' dir='ltr'>in</span> <span class='ocrx_word' id='word_1_216' title='bbox 1008 2483 1077 2546; x_wconf 88' lang='lat' dir='ltr'>urbe</span> 
     </span>
     <span class='ocr_line' id='line_1_30' title="bbox 196 2566 1129 2639; baseline -0.005 -10"><span class='ocrx_word' id='word_1_217' title='bbox 196 2569 314 2629; x_wconf 89' lang='lat' dir='ltr'>mansit.</span> <span class='ocrx_word' id='word_1_218' title='bbox 356 2568 401 2628; x_wconf 81' lang='lat' dir='ltr'>At</span> <span class='ocrx_word' id='word_1_219' title='bbox 415 2567 500 2639; x_wconf 84' lang='lat' dir='ltr'>Cato,</span> <span class='ocrx_word' id='word_1_220' title='bbox 514 2587 617 2626; x_wconf 88' lang='lat' dir='ltr'>censor</span> <span class='ocrx_word' id='word_1_221' title='bbox 639 2586 708 2625; x_wconf 89' lang='lat' dir='ltr'>oum</span> <span class='ocrx_word' id='word_1_222' title='bbox 731 2566 835 2626; x_wconf 91' lang='lat' dir='ltr'>eodem</span> <span class='ocrx_word' id='word_1_223' title='bbox 850 2566 962 2627; x_wconf 86' lang='lat' dir='ltr'>Flacco</span> <span class='ocrx_word' id='word_1_224' title='bbox 976 2566 1075 2636; x_wconf 86' lang='lat' dir='ltr'>factus,</span> <span class='ocrx_word' id='word_1_225' title='bbox 1128 2588 1129 2609; x_wconf 63' lang='lat'>³</span> 
     </span>
     <span class='ocr_line' id='line_1_31' title="bbox 143 2645 1097 2727; baseline -0.008 -17"><span class='ocrx_word' id='word_1_226' title='bbox 143 2649 182 2710; x_wconf 87' lang='grc'>30</span> <span class='ocrx_word' id='word_1_227' title='bbox 196 2669 297 2710; x_wconf 87' lang='lat' dir='ltr'>severe</span> <span class='ocrx_word' id='word_1_228' title='bbox 318 2647 451 2727; x_wconf 89' lang='lat' dir='ltr'>praefuit</span> <span class='ocrx_word' id='word_1_229' title='bbox 472 2647 499 2707; x_wconf 87' lang='lat' dir='ltr'>ei</span> <span class='ocrx_word' id='word_1_230' title='bbox 521 2647 684 2726; x_wconf 60' lang='lat' dir='ltr'>potestati„</span> <span class='ocrx_word' id='word_1_231' title='bbox 711 2645 793 2706; x_wconf 90' lang='lat' dir='ltr'>Nam</span> <span class='ocrx_word' id='word_1_232' title='bbox 814 2655 844 2706; x_wconf 87' lang='lat' dir='ltr'>et</span> <span class='ocrx_word' id='word_1_233' title='bbox 865 2647 897 2705; x_wconf 91' lang='lat' dir='ltr'>in</span> <span class='ocrx_word' id='word_1_234' title='bbox 914 2646 1076 2725; x_wconf 87' lang='lat' dir='ltr'>complures</span> <span class='ocrx_word' id='word_1_235' title='bbox 1095 2698 1097 2702; x_wconf 87' lang='lat'><strong>.</strong></span> 
     </span>
     <span class='ocr_line' id='line_1_32' title="bbox 196 2725 1076 2798; baseline -0.005 -10"><span class='ocrx_word' id='word_1_236' title='bbox 196 2728 312 2789; x_wconf 87' lang='lat' dir='ltr'>nobiles</span> <span class='ocrx_word' id='word_1_237' title='bbox 325 2726 549 2798; x_wconf 87' lang='lat' dir='ltr'>animadvertit,</span> <span class='ocrx_word' id='word_1_238' title='bbox 564 2734 594 2785; x_wconf 89' lang='lat' dir='ltr'>et</span> <span class='ocrx_word' id='word_1_239' title='bbox 610 2725 721 2785; x_wconf 91' lang='lat' dir='ltr'>multas</span> <span class='ocrx_word' id='word_1_240' title='bbox 736 2746 782 2786; x_wconf 88' lang='lat' dir='ltr'>res</span> <span class='ocrx_word' id='word_1_241' title='bbox 796 2747 890 2793; x_wconf 83' lang='lat' dir='ltr'>novas</span> <span class='ocrx_word' id='word_1_242' title='bbox 904 2727 937 2786; x_wconf 93' lang='lat' dir='ltr'>in</span> <span class='ocrx_word' id='word_1_243' title='bbox 951 2727 1076 2787; x_wconf 87' lang='lat' dir='ltr'>edictum</span> 
     </span>
     <span class='ocr_line' id='line_1_33' title="bbox 197 2807 1076 2887; baseline -0.005 -19"><span class='ocrx_word' id='word_1_244' title='bbox 197 2809 324 2881; x_wconf 87' lang='lat' dir='ltr'>addidit,</span> <span class='ocrx_word' id='word_1_245' title='bbox 339 2829 432 2887; x_wconf 90' lang='lat' dir='ltr'>quare</span> <span class='ocrx_word' id='word_1_246' title='bbox 453 2807 579 2867; x_wconf 82' lang='lat' dir='ltr'>luxuria</span> <span class='ocrx_word' id='word_1_247' title='bbox 600 2807 821 2885; x_wconf 90' lang='lat' dir='ltr'>reprimeretur,</span> <span class='ocrx_word' id='word_1_248' title='bbox 835 2827 913 2886; x_wconf 90' lang='lat' dir='ltr'>quae</span> <span class='ocrx_word' id='word_1_249' title='bbox 930 2808 1076 2886; x_wconf 86' lang='lat' dir='ltr'>jamtum</span> 
     </span>
     <span class='ocr_line' id='line_1_34' title="bbox 197 2885 1076 2968; baseline -0.008 -19"><span class='ocrx_word' id='word_1_250' title='bbox 197 2888 361 2968; x_wconf 87' lang='lat' dir='ltr'>incipiebat</span> <span class='ocrx_word' id='word_1_251' title='bbox 371 2888 532 2968; x_wconf 90' lang='lat' dir='ltr'>pullulare.</span> <span class='ocrx_word' id='word_1_252' title='bbox 574 2885 701 2946; x_wconf 84' lang='lat' dir='ltr'>Circiter</span> <span class='ocrx_word' id='word_1_253' title='bbox 711 2906 805 2946; x_wconf 87' lang='lat' dir='ltr'>annos</span> <span class='ocrx_word' id='word_1_254' title='bbox 816 2887 978 2965; x_wconf 92' lang='lat' dir='ltr'>octoginta,</span> <span class='ocrx_word' id='word_1_255' title='bbox 990 2903 1076 2963; x_wconf 89' lang='lat' dir='ltr'>usque</span> 
     </span>
    </p>

    <p class='ocr_par' dir='ltr' id='par_1_5' title="bbox 143 2965 1128 3440">
     <span class='ocr_line' id='line_1_35' title="bbox 196 2965 1076 3045; baseline -0.009 -14"><span class='ocrx_word' id='word_1_256' title='bbox 196 2970 236 3031; x_wconf 88' lang='lat' dir='ltr'>ad</span> <span class='ocrx_word' id='word_1_257' title='bbox 255 2979 422 3030; x_wconf 85' lang='lat' dir='ltr'>extremam</span> <span class='ocrx_word' id='word_1_258' title='bbox 443 2976 572 3028; x_wconf 87' lang='lat' dir='ltr'>aetatem</span> <span class='ocrx_word' id='word_1_259' title='bbox 594 2966 633 3026; x_wconf 90' lang='lat' dir='ltr'>ab</span> <span class='ocrx_word' id='word_1_260' title='bbox 656 2965 864 3038; x_wconf 84' lang='lat' dir='ltr'>adolescentia,</span> <span class='ocrx_word' id='word_1_261' title='bbox 879 2967 922 3026; x_wconf 89' lang='lat' dir='ltr'>rei</span> <span class='ocrx_word' id='word_1_262' title='bbox 943 2966 1076 3045; x_wconf 87' lang='lat' dir='ltr'>publicae</span> 
     </span>
     <span class='ocr_line' id='line_1_36' title="bbox 143 3044 1075 3127; baseline -0.008 -18"><span class='ocrx_word' id='word_1_263' title='bbox 143 3050 183 3109; x_wconf 81' lang='lat'>35</span> <span class='ocrx_word' id='word_1_264' title='bbox 197 3070 287 3111; x_wconf 89' lang='lat' dir='ltr'>causa</span> <span class='ocrx_word' id='word_1_265' title='bbox 310 3050 458 3127; x_wconf 89' lang='lat' dir='ltr'>suscipere</span> <span class='ocrx_word' id='word_1_266' title='bbox 482 3047 654 3105; x_wconf 86' lang='lat' dir='ltr'>inimicitias</span> <span class='ocrx_word' id='word_1_267' title='bbox 679 3066 738 3105; x_wconf 92' lang='lat' dir='ltr'>non</span> <span class='ocrx_word' id='word_1_268' title='bbox 760 3046 881 3105; x_wconf 88' lang='lat' dir='ltr'>destitit.</span> <span class='ocrx_word' id='word_1_269' title='bbox 924 3047 955 3106; x_wconf 89' lang='lat' dir='ltr'>A</span> <span class='ocrx_word' id='word_1_270' title='bbox 980 3044 1075 3105; x_wconf 89' lang='lat' dir='ltr'>multis</span> 
     </span>
     <span class='ocr_line' id='line_1_37' title="bbox 197 3124 1076 3188; baseline -0.006 0"><span class='ocrx_word' id='word_1_271' title='bbox 197 3138 330 3188; x_wconf 87' lang='lat' dir='ltr'>tentatus</span> <span class='ocrx_word' id='word_1_272' title='bbox 353 3148 414 3185; x_wconf 91' lang='lat' dir='ltr'>non</span> <span class='ocrx_word' id='word_1_273' title='bbox 438 3127 526 3184; x_wconf 93' lang='lat' dir='ltr'>modo</span> <span class='ocrx_word' id='word_1_274' title='bbox 550 3124 670 3183; x_wconf 92' lang='lat' dir='ltr'>nullum</span> <span class='ocrx_word' id='word_1_275' title='bbox 694 3125 907 3185; x_wconf 90' lang='lat' dir='ltr'>detrimentum</span> <span class='ocrx_word' id='word_1_276' title='bbox 932 3126 1076 3186; x_wconf 84' lang='lat' dir='ltr'>existima·</span> 
     </span>
     <span class='ocr_line' id='line_1_38' title="bbox 198 3204 1073 3281; baseline -0.006 -15"><span class='ocrx_word' id='word_1_277' title='bbox 198 3208 288 3266; x_wconf 89' lang='lat' dir='ltr'>tionis</span> <span class='ocrx_word' id='word_1_278' title='bbox 308 3206 387 3276; x_wconf 87' lang='lat' dir='ltr'>fecit,</span> <span class='ocrx_word' id='word_1_279' title='bbox 402 3205 462 3274; x_wconf 90' lang='lat' dir='ltr'>sed,</span> <span class='ocrx_word' id='word_1_280' title='bbox 483 3204 582 3281; x_wconf 83' lang='lat' dir='ltr'>quoad</span> <span class='ocrx_word' id='word_1_281' title='bbox 597 3204 684 3274; x_wconf 84' lang='lat' dir='ltr'>vixit,</span> <span class='ocrx_word' id='word_1_282' title='bbox 699 3205 847 3263; x_wconf 90' lang='lat' dir='ltr'>virtutum</span> <span class='ocrx_word' id='word_1_283' title='bbox 867 3204 959 3265; x_wconf 92' lang='lat' dir='ltr'>laude</span> <span class='ocrx_word' id='word_1_284' title='bbox 979 3204 1073 3270; x_wconf 85' lang='lat' dir='ltr'>crevit.</span> 
     </span>
     <span class='ocr_line' id='line_1_39' title="bbox 239 3280 1073 3359; baseline -0.001 -18"><span class='ocrx_word' id='word_1_285' title='bbox 239 3283 299 3342; x_wconf 88' lang='lat'>111.</span> <span class='ocrx_word' id='word_1_286' title='bbox 328 3282 366 3340; x_wconf 90' lang='lat' dir='ltr'>In</span> <span class='ocrx_word' id='word_1_287' title='bbox 389 3281 527 3340; x_wconf 90' lang='lat' dir='ltr'>omnibus</span> <span class='ocrx_word' id='word_1_288' title='bbox 555 3280 642 3339; x_wconf 89' lang='lat' dir='ltr'>rebus</span> <span class='ocrx_word' id='word_1_289' title='bbox 669 3282 814 3359; x_wconf 89' lang='lat' dir='ltr'>singulari</span> <span class='ocrx_word' id='word_1_290' title='bbox 839 3283 898 3343; x_wconf 90' lang='lat' dir='ltr'>fuit</span> <span class='ocrx_word' id='word_1_291' title='bbox 925 3281 1073 3344; x_wconf 82' lang='lat' dir='ltr'>industria.</span> 
     </span>
     <span class='ocr_line' id='line_1_40' title="bbox 200 3357 1128 3440; baseline 0.005 -23"><span class='ocrx_word' id='word_1_292' title='bbox 200 3359 281 3418; x_wconf 86' lang='lat' dir='ltr'>Nam</span> <span class='ocrx_word' id='word_1_293' title='bbox 295 3369 326 3419; x_wconf 85' lang='lat' dir='ltr'>et</span> <span class='ocrx_word' id='word_1_294' title='bbox 338 3359 470 3436; x_wconf 88' lang='lat' dir='ltr'>agricola</span> <span class='ocrx_word' id='word_1_295' title='bbox 483 3357 596 3430; x_wconf 89' lang='lat' dir='ltr'>sollers,</span> <span class='ocrx_word' id='word_1_296' title='bbox 610 3366 640 3417; x_wconf 91' lang='lat' dir='ltr'>et</span> <span class='ocrx_word' id='word_1_297' title='bbox 655 3360 769 3437; x_wconf 88' lang='lat' dir='ltr'>peritus</span> <span class='ocrx_word' id='word_1_298' title='bbox 784 3362 863 3440; x_wconf 88' lang='lat' dir='ltr'>juris</span> <span class='ocrx_word' id='word_1_299' title='bbox 877 3363 1036 3436; x_wconf 88' lang='lat' dir='ltr'>consultus,</span> <span class='ocrx_word' id='word_1_300' title='bbox 1048 3368 1074 3422; x_wconf 86' lang='lat' dir='ltr'>et</span> <span class='ocrx_word' id='word_1_301' title='bbox 1127 3434 1128 3437; x_wconf 7' lang='grc' dir='ltr'><strong>Ἴ</strong></span> 
     </span>
    </p>
   </div>
   <div class='ocr_carea' id='block_1_5' title="bbox 0 0 1148 3698">
    <p class='ocr_par' dir='ltr' id='par_1_6' title="bbox 0 0 1148 3698">
     <span class='ocr_line' id='line_1_41' title="bbox 0 0 1148 3698; baseline 0 2"><span class='ocrx_word' id='word_1_302' title='bbox 0 0 1148 3698; x_wconf 95' lang='lat' dir='ltr'> </span> 
     </span>
    </p>
   </div>
  </div>
 </body>
</html>
