2346 3704
158 135 202 200 62
434 149 647 196 coanaarr
675 150 870 198 rarorrs.

210 307 332 367 trahere
358 325 419 365 non
445 306 553 385 potuit
594 305 707 385 Aqua
734 326 767 366 re
793 306 948 385 depulsus,
970 330 1045 370 cum
1072 331 1110 373 ea

211 407 314 459 manu,
336 407 427 466 quam
452 394 653 459 contraxerat,
676 387 776 446 locum
801 387 914 466 delegit
938 389 1045 464 talem,
1073 400 1110 451 ut
1155 438 1156 471 ,

212 486 308 546 neque
332 467 541 527 circumiretur
567 466 607 526 ab
630 466 775 539 hostibus,
800 487 898 546 neque
920 471 1109 547 praeteriret

212 546 409 618 adversarius,
424 546 498 625 quin
519 546 702 624 ancipitibus
722 546 796 606 locis
816 558 1007 625 premeretur
1025 550 1067 624 et',
1082 552 1108 611 si

179 631 198 690 5
211 627 355 687 dimicare
366 647 435 686 cum
445 646 480 686 eo
490 625 592 698 vellet,
602 646 663 685 non
678 626 810 686 multum
821 626 923 689 obesse
933 631 1107 693 multitudo

212 708 343 767 hostium
356 726 428 766 suae
441 706 589 785 paucitati
602 714 709 785 posset.
1156 720 1157 797 p

252 786 346 849 VIII.
374 786 461 846 Haec
485 786 541 846 etsi
564 786 814 866 Autophradates
838 788 972 863 videbat,
998 799 1107 852 tamen
1156 802 1157 821 ¹

211 868 318 930 statuit
342 866 492 948 congredi,
514 887 606 945 quam
631 888 700 927 cum
724 868 819 928 tantis
843 869 937 948 copiis
962 871 1107 950 refugere

211 958 266 1009 aut
279 957 342 1008 tam
356 947 409 1007 diu
424 967 484 1007 uno
503 946 568 1007 loco
588 947 698 1007 sedere.
740 947 886 1009 Habebat
899 948 1104 1012 barbarorum
1157 1002 1158 1009 ,

159 1032 198 1095 10
212 1029 347 1108 equitum
371 1027 491 1106 viginti,
517 1027 655 1105 peditum
682 1038 805 1088 centum
832 1029 927 1103 milia,
950 1050 1027 1109 quos
1056 1031 1105 1091 illi
1157 1036 1158 1093 1

212 1108 363 1169 Cardacas
387 1107 552 1187 appellant,
576 1108 769 1187 ejusdemque
792 1110 910 1188 generis
931 1111 993 1170 tria
1014 1111 1105 1173 milia

213 1189 401 1249 funditorum
411 1209 418 1261 ;
439 1196 594 1266 praeterea
608 1187 673 1265 Cap
696 1188 825 1248 adocum
844 1198 910 1250 octo
931 1190 1028 1264 milia,
1043 1191 1104 1251 Ar·

211 1270 381 1330 meniorum
391 1268 494 1328 decern
505 1267 600 1341 milia,
611 1209 845 1348 Papblagonum
856 1270 990 1349 quinque
1004 1271 1103 1345 milia,

213 1350 278 1409 Phr
298 1369 372 1428 gum
385 1349 488 1408 decem
503 1347 597 1421 milia,
612 1347 770 1428 Lydorum
784 1350 918 1429 quinque
932 1351 1030 1423 milia,
1045 1351 1104 1412 As
1158 1414 1159 1419 ,

160 1434 199 1495 15
212 1371 391 1510 pendiorum
405 1437 435 1488 et
449 1428 622 1489 Pisidarum
641 1428 761 1489 circiter
778 1429 838 1489 tria
858 1430 953 1504 milia,
967 1431 1103 1492 Cilicum
1158 1430 1159 1435 ’

214 1511 283 1583 duo,
297 1509 342 1569 Oa
363 1509 516 1569 tianorum
529 1509 664 1582 totidem,
679 1530 718 1569 ex
732 1508 862 1570 Graecia
880 1512 1103 1572 conductorum

213 1590 273 1652 tria
300 1530 394 1662 milia,
422 1589 497 1649 levis
532 1597 705 1649 armaturae
731 1590 900 1651 maximum
928 1611 1102 1654 numerum.

205 1672 281 1733 'Has
295 1672 439 1731 adversus
453 1668 554 1748 copias
574 1689 640 1748 spes
660 1670 757 1730 omnis
777 1670 958 1731 consistebat
972 1671 1104 1733 Datami

213 1753 246 1813 in
273 1773 304 1813 se
331 1751 449 1830 locique
475 1759 604 1810 natura:
625 1770 757 1829 namque
780 1750 871 1829 hujus
894 1759 1014 1830 partem
1038 1772 1102 1813 non

160 1839 200 1902 20
213 1833 346 1895 habebat
372 1829 546 1894 vicesimam
576 1829 718 1890 militum.
762 1829 881 1906 Quibus
909 1831 1005 1891 fretus
1033 1853 1103 1893 con·

214 1916 303 1989 flIxit,
324 1912 625 1991 adversariorumque
645 1910 744 1970 multa
763 1910 850 1970 milia
870 1911 1011 1985 concidit,
1031 1933 1103 1974 cum

214 1997 252 2057 de
272 1996 366 2076 ipsius
386 1992 522 2053 exercitu
535 2012 596 2051 non
610 1990 741 2070 amplius
755 1991 913 2050 hominum
927 1992 1014 2052 mille
1028 1994 1102 2053 oeci·

212 2078 313 2138 disset.
355 2074 458 2153 Quam
479 2072 518 2133 ob
538 2090 660 2133 causam
680 2079 799 2151 postero
814 2072 862 2130 die
876 2081 923 2132 tro
946 2092 1036 2133 acum
1051 2094 1101 2152 po

212 2159 283 2232 suit,
311 2176 371 2237 quo
399 2155 465 2215 loco
492 2152 590 2232 pridie
617 2160 787 2231 pugnaturn
808 2161 881 2212 erat.
959 2152 1009 2214 inc
1030 2174 1100 2214 cum
1153 2151 1161 2167 ²

160 2244 200 2306 25
214 2246 313 2300 castra
332 2235 482 2306 movisset,
502 2252 677 2311 semperque
698 2232 821 2292 inferior
841 2231 943 2311 copiis,
964 2234 1102 2312 superior

213 2319 353 2382 omnibus
367 2314 489 2399 proeliis
503 2313 675 2385 discederet,
690 2312 771 2391 quod
787 2332 955 2392 numquam
974 2333 1100 2376 manum

214 2406 389 2470 consereret,
410 2395 468 2456 nisi
488 2415 558 2456 cum
583 2393 770 2454 adversarios
793 2392 929 2453 locorum
953 2396 1101 2474 angustiis

214 2481 384 2552 clausisset,
392 2475 473 2557 quod
487 2474 584 2556 perito
599 2494 632 2534 re
653 2473 756 2532 ionum
771 2472 881 2533 callide
902 2493 940 2534 ue
954 2475 1100 2554 cogitanti

213 2582 303 2643 saepe
322 2557 487 2621 accidebat.
529 2494 786 2635 Autopirradates,
801 2573 871 2612 cum
930 2553 1008 2613 llum
1029 2556 1099 2617 duci
1160 2554 1161 2569 ³

161 2648 200 2709 30
214 2645 328 2723 majore
341 2639 419 2720 regis
430 2635 604 2698 calamitate
634 2655 706 2695 uam
719 2632 964 2696 adversariorum
974 2635 1098 2710 videret,

214 2725 254 2786 ad
268 2741 374 2804 pacem
388 2717 613 2795 amicitiamque
649 2722 765 2776 ortatus
783 2722 836 2788 est,
850 2722 886 2774 ut
900 2734 969 2775 cum
983 2735 1053 2795 rego
1067 2717 1098 2777 in

213 2804 345 2886 gratiam
372 2799 491 2861 rediret.
534 2797 636 2873 Quam
665 2795 718 2856 ille
745 2794 800 2855 etsi
827 2793 920 2855 fidam
947 2814 1009 2855 non
1037 2796 1098 2857 fore

213 2884 351 2965 putabat,
365 2890 469 2941 tamen
487 2877 692 2941 condicionem
714 2874 830 2957 accepit
851 2894 942 2953 seque
956 2874 996 2934 ad
1010 2875 1098 2938 Arta-

214 2985 340 3029 xerxem
361 2963 475 3042 legatos
495 2957 657 3018 missurum
678 2954 765 3016 dixit.
807 2953 857 3016 Sic
879 2954 1004 3028 bellum,
1019 2958 1097 3036 quod

161 3050 200 3111 35
214 3068 273 3108 rex
299 3046 443 3106 adversus
477 3038 641 3100 Datamem
674 3042 853 3117 susceperat,
880 3035 1019 3097 sedatum
1047 3046 1095 3099 est.
1159 3080 1161 3099 2

214 3128 299 3189 Auto
320 3123 463 3187 hradates
476 3119 508 3180 in
522 3116 690 3196 Phrygiam
703 3135 734 3175 se
747 3135 813 3177 rece
835 3115 867 3177 it.

255 3146 320 3267 IX?
336 3204 383 3265 At
395 3221 459 3272 rex,
470 3198 551 3278 quod
564 3194 759 3277 implacabile
772 3195 875 3258 odium
889 3194 921 3258 in
936 3194 1094 3263 Datamen

215 3290 394 3362 susceperat,
411 3287 570 3359 postquam
591 3276 672 3336 bello
692 3295 762 3334 eum
781 3275 913 3354 opprimi
933 3296 995 3337 non
1015 3298 1096 3356 posse
1154 3287 1156 3291 ’

215 3360 442 3436 animadvertit,
462 3357 578 3421 insidiis
598 3355 765 3421 interficere
784 3356 919 3433 studuit3
947 3377 1023 3440 quas
1046 3359 1095 3423 ille
