2346 3704
418 149 635 200 numurus.
980 128 1024 199 87

72 308 209 371 decidi?
247 307 356 388 Neque
375 306 408 368 id
428 306 548 368 falsum.
588 300 671 366 Nam
691 313 722 366 et
742 302 890 383 dignitate
909 302 969 365 fuit

72 391 207 450 honesta
221 398 251 450 et
262 389 378 452 viribus
392 387 432 448 ad
445 387 580 448 laborem
590 386 749 446 ferendum
758 385 861 457 firmis,
872 404 968 464 neque

71 478 140 530 tam
154 490 269 548 magno
283 488 407 547 corpore
421 489 513 547 quam
526 467 626 546 figura
638 474 774 529 venusta

119 547 204 607 ΧΠ.
232 547 281 606 De
308 547 364 606 hoc
388 546 561 623 Antigonus
589 563 656 602 cum
685 541 765 601 solus
785 542 964 600 constituere

75 647 141 685 non
184 627 317 698 auderet,
352 625 392 684 ad
430 623 589 683 consilium
627 620 738 680 retulit.
794 620 856 679 Hic
895 641 964 680 cum
999 622 1017 679 5

71 725 183 766 omnes
204 704 303 784 primo
324 703 494 782 perturbati
516 701 748 775 admirarentur,
765 721 827 761 non
842 701 908 781 jam
930 701 968 761 dc

72 805 109 846 eo
132 794 293 864 sumptum
314 803 376 844 esse
399 783 591 862 supplicium,
606 802 698 861 aquo
719 789 765 841 tot
785 801 879 841 annos
892 781 968 842 adeo

72 874 177 925 essent
190 864 271 925 male
287 863 394 937 habiti,
408 872 444 923 ut
464 883 552 941 saepe
566 862 605 922 ad
619 861 856 941 desperationem
869 861 968 921 forent

73 945 213 1018 adducti,
225 944 337 1023 quique
349 944 499 1003 maximos
512 943 603 1003 duces
616 941 825 1014 interfecisset3
839 941 967 1020 denique

73 1024 107 1084 in
122 1046 186 1104 quo
204 1045 266 1085 uno
287 1032 363 1085 esset
381 1031 511 1096 tantum,
524 1032 569 1097 ut,
584 1022 683 1101 quoad
704 1021 757 1081 ille
771 1021 895 1093 viveret,
909 1021 967 1100 ipsi
981 1017 1020 1080 10

73 1105 176 1165 securi
192 1125 255 1165 esse
268 1125 330 1164 non
343 1112 472 1184 possent,
485 1103 652 1175 interfecto,
665 1101 743 1161 nihil
763 1101 898 1161 habituri
918 1120 967 1160 ne-

74 1185 153 1264 gotii
167 1193 283 1257 essent3
303 1193 461 1264 postremo,
475 1184 500 1243 si
516 1184 564 1242 illi
577 1183 715 1243 redderet
727 1181 865 1255 salutem,
879 1200 967 1261 quac-

74 1265 195 1338 rebant,
215 1265 325 1344 quibus
346 1264 451 1325 amicis
472 1272 547 1324 esset
567 1284 694 1323 usums:
715 1283 777 1323 sese
798 1262 966 1323 enimcum

75 1343 218 1407 Eumene
239 1345 322 1423 apud
343 1365 412 1404 eum
435 1364 496 1404 non
514 1344 638 1404 futuros.
680 1343 752 1415 Hic,
765 1343 886 1422 cognita
900 1364 965 1404 con·

74 1425 138 1485 silii
152 1425 321 1497 voluntate,
334 1433 437 1485 tamen
457 1445 552 1503 usque
573 1424 613 1484 ad
634 1445 665 1485 se
686 1425 795 1483 timum
817 1424 896 1483 diem
918 1424 966 1483 de
980 1420 1018 1481 15

75 1503 231 1566 liberandi
255 1505 313 1564 sibi
336 1504 623 1583 spatiumreliquit.
664 1446 743 1564 Jl'um
765 1513 875 1577 autem,
896 1524 966 1564 cum

79 1586 149 1665 jam
161 1594 328 1658 vereretur,
341 1605 380 1644 ne
402 1606 463 1665 qua
484 1585 590 1645 seditio
604 1585 753 1644 exercitus
766 1585 903 1657 oriretur,
918 1604 966 1645 ve·

75 1666 139 1727 tuit
165 1684 351 1746 quemquam
378 1665 418 1724 ad
448 1685 517 1724 eum
551 1663 673 1725 admitti
700 1674 730 1724 et
755 1664 966 1743 quotidianum

76 1746 195 1807 victum
223 1745 370 1806 removeri
393 1745 491 1824 jussit.
532 1745 615 1804 Nam
638 1744 767 1823 negebat
794 1765 824 1804 se
851 1743 965 1805 civim

76 1826 257 1898 allaturum,
268 1824 321 1903 qui
334 1825 498 1904 aliquando
509 1825 614 1885 fuisset
627 1826 749 1885 amicus.
791 1823 854 1882 Hic
864 1831 966 1882 tamen
981 1821 1020 1881 20

75 1926 139 1966 non
149 1904 283 1984 amplius
292 1925 383 1983 quam
393 1905 530 1965 triduum
538 1906 618 1965 fame
628 1905 781 1981 fatigatus,
790 1923 859 1973 cum
867 1912 967 1962 castra

76 1994 283 2127 mouprentur,
295 1985 439 2046 insciente
452 1984 618 2065 Antigono,
633 1982 793 2064 jugulatus
813 1991 857 2043 est
870 2003 889 2042 a
903 2002 966 2042 cus·

76 2068 141 2128 todi
164 2086 210 2126 us.

115 2145 216 2207 XIH.
237 2144 288 2206 Sic
309 2145 460 2207 Eumenes
479 2166 628 2206 annorum
650 2144 783 2225 quinque
796 2154 826 2206 et
839 2143 966 2225 quadra-

76 2225 173 2305 ginta,
188 2246 259 2286 cum
280 2226 320 2286 ab
341 2247 421 2288 anno
434 2227 585 2299 vicesimo,
604 2234 639 2287 ut
660 2245 751 2304 supra
773 2226 965 2300 ostendimus,
979 2222 1019 2284 25

77 2318 193 2386 septem
215 2326 311 2367 anuos
332 2306 476 2386 Philippo
497 2307 693 2386 apparuisset,
715 2307 858 2368 tredecim
882 2306 966 2386 apud

77 2385 294 2448 Alexandrum
308 2387 437 2447 eundem
450 2387 551 2447 locum
565 2388 750 2460 obtinuisset,
763 2388 796 2447 in
808 2388 856 2448 his
870 2408 966 2448 unum

114 2468 217 2527 uitum
250 2466 318 2526 alae
350 2467 537 2547 praefuisset,
564 2476 632 2547 post
664 2477 766 2529 autem
793 2467 966 2529 Alexandri

132 2547 188 2626 gni
211 2555 339 2606 mortem
362 2547 527 2626 imperator
549 2549 698 2609 exercitus
721 2549 864 2622 duxisset,
887 2569 966 2609 sum·

77 2646 203 2706 mosque
216 2626 307 2686 duces
320 2628 433 2705 partim
447 2629 614 2707 repulisset,
628 2630 741 2708 partim
762 2630 965 2702 interfecisset,
980 2625 1019 2687 30

78 2717 187 2787 captus
199 2726 261 2769 non
274 2705 424 2786 Antigoni
437 2708 559 2781 virtute,
573 2709 625 2769 sed
646 2709 847 2770 Macedonum
868 2711 965 2791 perju-

78 2788 133 2861 rio,
160 2786 255 2847 talem
282 2787 391 2848 habuit
418 2789 535 2848 exitum
558 2790 649 2850 vitae.
698 2789 737 2850 In
764 2811 823 2870 quo
851 2798 966 2870 quanta

78 2867 216 2927 omnium
234 2866 327 2927 fuerit
346 2868 448 2947 opinio
470 2890 583 2942 eorum,
597 2870 650 2949 qui
672 2881 739 2950 post
753 2871 966 2932 Alexandrum
1074 2938 1077 2941 ,

79 2945 230 3025 Magnum
244 2967 328 3025 reges
341 2957 412 3008 sunt
426 2948 581 3027 appellati,
592 2971 631 3009 ex
645 2951 703 3011 hoc
713 2951 858 3012 facillime
868 2960 966 3030 potest

84 3027 228 3107 judicari,
242 3027 324 3106 quod
346 3048 443 3101 nemo,
466 3028 603 3090 Eumene
617 3031 697 3103 vivo,
718 3052 773 3092 rex
795 3030 966 3110 appellatus
979 3025 1019 3085 35

80 3117 132 3180 est,
146 3107 199 3167 sed
214 3106 399 3186 praefectus;
421 3109 512 3167 iidem
526 3118 594 3185 post
607 3110 697 3189 hujus
711 3131 849 3171 occasum
863 3110 966 3169 statim

80 3188 197 3266 regium
211 3195 352 3246 ornatum
366 3208 535 3265 nomenque
551 3199 751 3267 sumpserunt,
764 3210 869 3266 neque,
884 3189 966 3267 quod

80 3268 167 3329 initio
187 3266 409 3346 praedicarant,
423 3288 454 3327 se
467 3267 639 3327 Alexandri
653 3268 755 3328 liberis
768 3286 895 3343 regnum
908 3287 966 3327 ser·

81 3368 162 3422 vasu,
174 3355 331 3429 praestare
342 3347 515 3418 voluerunt,
529 3354 568 3418 et,
581 3366 643 3407 uno
662 3351 887 3427 propugnatore
898 3343 967 3402 sub·
