2346 3704
423 152 675 202 nraurnnns.
1008 135 1050 201 15

101 331 177 373 cum
196 330 304 391 pugna
324 308 537 389 depingeretur
557 308 763 382 Marathonia,
782 317 818 370 ut
838 307 871 369 in
891 307 995 371 decem

101 399 283 472 praetorum
294 409 424 467 numero
437 390 537 469 prima
546 390 610 469 ejus
620 390 720 468 imago
731 399 892 468 poneretur
911 390 996 470 isque

102 472 282 532 hortaretur
300 470 412 528 milites
430 469 639 548 proeliumque
659 470 866 531 committeret
883 435 995 529 ‘Idem

104 551 161 610 ille
181 550 323 643 populus,
336 558 532 628 posteaquam
545 550 643 629 majus
657 549 817 628 imperium
830 559 875 611 est
888 560 994 610 nactus

105 639 138 692 et
159 630 321 709 largltione
341 629 574 707 magistratuum
594 638 753 708 corruptus
773 638 826 702 est,
846 639 994 691 trecentas
1028 631 1048 691 5

105 719 224 772 statuas
237 709 394 785 Demetrio
408 707 555 769 Phalereo
569 709 710 771 decrevit

148 789 226 851 VII.
246 789 321 850 Post
341 789 398 849 hoc
417 788 566 868 proelium
587 789 711 849 classem
731 808 762 849 se
784 789 923 869 tuaginta
942 809 995 850 na-

105 870 195 933 vium
219 869 418 931 Athenienses
441 869 539 929 eidem
562 867 698 928 Miltiadi
719 869 739 929 d
778 879 875 944 erunt,
896 879 932 931 ut
951 869 995 930 in·

106 950 200 1022 sulas,
214 968 292 1029 quae
305 949 653 1029 barbarosadjuverant,
665 947 745 1009 bello
757 959 993 1041 persequeretur.

107 1030 181 1109 Quo
194 1030 321 1123 imperio
334 1018 492 1108 plerasque
505 1029 545 1089 ad
559 1029 691 1088 officium
701 1029 799 1089 red1re
809 1030 914 1109 coegit,
922 1049 995 1091 non·
1009 1031 1048 1093 10

106 1109 457 1188 nullasvrexpugnayit.
499 1109 550 1169 Ex
560 1110 607 1177 his
618 1108 732 1168 Parum
742 1109 873 1169 insulam
887 1110 994 1188 opibus

106 1190 222 1250 elatam
242 1210 312 1249 cum
332 1189 467 1249 oratione
486 1189 680 1249 reconciliare
698 1209 758 1248 non
773 1200 879 1268 posset,
893 1191 994 1269 copias

106 1290 125 1330 e
146 1268 276 1331 navibus
297 1269 412 1342 eduxit,
433 1268 539 1329 urbem
560 1268 700 1349 operibus
720 1269 837 1343 clausit,
851 1271 994 1349 omnique
1064 1300 1068 1307 ·

107 1358 279 1410 commeatu
293 1349 441 1428 privavit3
462 1348 532 1413 dein
546 1349 642 1410 vineis
656 1369 691 1409 ac
705 1349 905 1411 testudinibus
926 1372 994 1411 con-

106 1429 231 1501 stitutis,
256 1429 379 1507 propius
403 1449 504 1489 muros
531 1429 663 1490 accessit.
704 1428 782 1490 Cum
805 1432 871 1510 jam
899 1431 931 1490 in
958 1452 993 1491 eo
1008 1431 1047 1492 15

106 1517 193 1582 esset,
206 1516 242 1569 ut
256 1509 367 1588 oppido
380 1510 537 1588 potiretur,
551 1509 656 1588 procul
671 1509 704 1569 in
718 1510 882 1573 continenti
897 1511 992 1585 lucus,

107 1589 164 1668 qui
183 1609 222 1648 ex
242 1589 343 1648 insula
362 1589 611 1668 conspiciebatur,
627 1589 725 1650 nescio
767 1611 805 1651 uo
827 1611 906 1664 casu,
925 1611 993 1652 noc·

105 1678 200 1729 turno
223 1668 358 1747 tempore
385 1669 521 1730 incensus
548 1679 601 1730 est.
642 1670 735 1750 Cujus
797 1692 879 1731 mma
899 1681 934 1732 ut
953 1671 993 1732 ab

105 1747 268 1829 oppidanis
288 1758 318 1808 et
338 1749 596 1828 oppugnatoribus
615 1761 660 1811 est
673 1751 747 1824 visa,
762 1752 897 1829 utrisque
909 1752 993 1813 venit

105 1830 141 1888 in
152 1828 332 1907 opinionem,
343 1830 462 1908 signum
477 1849 496 1889 a
510 1829 669 1891 classiariis
680 1831 768 1909 regiis
779 1831 893 1892 datum.
922 1831 992 1908 Quo
1007 1834 1046 1896 20

2 1966 5 1967 ι
105 1908 224 1969 factum
238 1918 291 1982 est,
305 1917 340 1968 ut
358 1919 388 1969 et
406 1909 490 1971 Parii
510 1931 529 1970 a
549 1910 701 1971 deditione
719 1911 948 1985 deterrerentur,
963 1921 993 1972 et

105 1988 273 2060 Miltiades,
284 1989 393 2049 timens
405 2010 444 2048 ne
457 1989 559 2050 classis
572 1990 656 2068 regia
669 1990 856 2063 adventaret,
866 1991 993 2053 incensis

105 2068 258 2148 operibus,
272 2089 349 2148 quae
362 2078 517 2142 statuerat,
531 2091 601 2130 cum
615 2069 740 2130 totidem
754 2071 884 2132 navibus
902 2080 993 2152 atque

105 2157 174 2208 erat
187 2149 347 2228 profectus,
358 2148 496 2210 Athenas
507 2171 618 2229 magna
629 2170 698 2210 cum
708 2150 869 2211 offensione
879 2151 991 2213 civium

105 2248 232 2289 suorum
243 2228 361 2313 rediret.
378 2229 558 2291 Accusatus
569 2251 639 2310 ergo
650 2240 694 2292 est
705 2231 891 2310 proditionis,
902 2234 991 2313 quod,
1007 2235 1046 2297 25

106 2329 178 2369 cum
199 2308 314 2369 Parum
334 2329 510 2389 expugnare
551 2321 636 2384 osset,
650 2332 669 2372 a
683 2331 753 2391 rege
769 2323 928 2392 corruptus
948 2314 992 2374 in·

104 2386 194 2449 fectis
207 2387 297 2449 rebus
310 2389 496 2451 discessisset.
599 2401 732 2485 tempore
746 2412 835 2476 aeger
848 2401 914 2453 erat
927 2394 992 2455 vul·

104 2467 327 2549 neribus,quae
340 2470 372 2530 in
387 2472 590 2550 oppugnando
601 2473 713 2552 oppido
727 2482 890 2552 acceperat.
932 2473 993 2534 Ita·

128 2568 167 2608 ue
187 2549 330 2629 quoniam
354 2550 417 2629 ipse
440 2571 495 2630 pro
518 2571 550 2612 se
573 2552 672 2613 dicere
692 2573 753 2614 non
773 2561 880 2632 posset,
899 2554 994 2614 verba

104 2569 180 2688 llecit
203 2629 298 2690 frater
321 2630 385 2708 ejus
408 2629 574 2770 Tisaqoras.
616 2632 716 2693 Causa
735 2633 865 2711 cognita,
886 2633 992 2713 capitis
1007 2635 1047 2697 30

2 2722 4 2729 ’
104 2708 272 2781 absolutus,
286 2710 415 2788 pecunia
434 2720 582 2773 mutatus
602 2720 654 2786 est,
675 2732 770 2791 eaque
790 2713 827 2772 lis
848 2714 994 2793 quinqua-

103 2788 194 2867 ginta
227 2789 348 2850 talentis
382 2791 541 2852 aestimata
568 2802 620 2865 est,
649 2800 780 2873 quantus
807 2792 840 2851 in
868 2793 993 2854 classem

103 2876 245 2948 sumptus
258 2869 355 2930 factus
369 2880 442 2932 erat.
484 2870 576 2931 Hanc
596 2871 756 2950 pecuniam
777 2872 858 2952 quod
878 2874 994 2935 solvere

3 3012 6 3025 ‚
104 2949 138 3007 in
159 2949 329 3027 praesentia
348 2971 409 3011 non
430 2960 557 3030 poterat,
578 2952 610 3011 in
630 2951 756 3013 vincula
779 2952 903 3031 publica
927 2974 994 3014 con·

2 3026 10 3064 ³
103 3028 206 3108 jactus
220 3038 265 3088 est
278 3028 381 3109 ibique
394 3030 474 3090 diem
489 3030 564 3090 obiit
577 3051 760 3110 supremum.
1007 3033 1047 3095 35

145 3106 240 3169 VIII.
262 3107 325 3169 Hic
338 3111 394 3170 etsi
409 3110 534 3169 crimine
547 3109 639 3170 Pario
653 3120 697 3170 est
711 3121 876 3184 accusatus,
891 3120 994 3172 tamen

103 3187 169 3248 alia
188 3188 250 3249 fuit
270 3210 361 3249 causa
381 3189 592 3250 damnationis.
634 3189 775 3267 Namque
795 3190 994 3251 Athenienses

102 3276 230 3348 propter
257 3268 408 3331 Pisistrati
435 3267 637 3347 tyrannidem,
665 3288 742 3358 quac
769 3268 881 3354 paucis·
907 3270 994 3326 annis

103 3357 177 3409 ante
196 3348 306 3421 fuerat,
323 3348 459 3408 omnium
480 3365 603 3407 suorum
624 3346 737 3406 civrum
757 3351 923 3424 potentram
944 3360 994 3402 ex-
