2346 3704
385 203 720 251 rnniusroenns.
999 190 1040 254 19

135 358 180 423 V.
200 358 264 420 Hie
278 357 335 421 etsi
347 359 428 421 male
441 356 506 420 rem
518 368 659 440 gesserat,
669 369 772 421 tamen
781 369 883 423 tantas
895 360 986 424 habe

91 437 152 500 bat
173 440 316 521 reliquias
336 440 501 580 colpiarum,
515 450 551 502 ut
569 441 741 502 etiamtum
755 442 802 502 his
816 442 904 582 oJrEri

57 588 65 595 ,
183 521 318 582 thostes.
377 528 477 581 terum
490 520 650 581 abeodem
684 522 761 582 radu
776 523 856 602 depu
884 464 986 584 asisii

128 620 181 660 am
201 599 417 662 Themistocles
437 620 552 675 verens,
572 621 612 662 ne
635 543 750 663 bellare
772 611 985 683 perseveraret,

94 680 256 741 certiorem
276 700 347 741 eum
366 680 447 755 fecit,
467 681 640 822 ingiff
662 702 747 762 pons,
767 703 858 776 quem
879 683 932 744 ille
951 684 984 744 in
1018 685 1038 746 5
1070 672 1098 765 7,

94 758 266 839 Hellespon
309 760 430 834 fecerat,
441 761 552 823 dissolv
584 820 586 827 ,
617 760 984 837 ur,acred1tuinAsiam

94 839 209 900 exelud
322 862 330 914 3
357 841 449 921 idque
468 842 497 902 ei
517 843 672 921 persuasit.
714 841 907 924 Itaquequa
930 865 984 905 sex
1025 832 1053 923 Λ,

94 920 250 982 mensibus
270 921 329 989 iter
348 920 366 980 f
412 929 469 995 rat,
488 923 593 982 eadem
612 923 713 983 minus
733 923 839 984 diebus
857 918 984 1003 tiiginta

94 999 249 1060 inAsiam
262 1021 362 1063 revers
412 1011 456 1063 est
527 1022 597 1063 uea
610 1002 812 1064 Themistocle
824 1024 887 1064 non
899 990 1038 1084 siue&

94 1090 209 1154 ratum,
232 1081 285 1142 sed
307 1102 433 1145 conseru
576 1083 699 1145 dicavit
740 1082 791 1153 Sic
814 1083 904 1143 unius
922 1085 983 1146 viri
998 1087 1037 1149 10

93 1161 260 1241 prudentia
271 1159 401 1241 Graecia
413 1162 545 1245 liberata
557 1172 602 1223 est
614 1163 815 1244 Europaeque
824 1144 984 1226 suhhhh‘uit

92 1240 181 1301 Asia
223 1240 313 1302 Haec
328 1242 428 1382 &lissa
447 1243 585 1317 victoria,
619 1263 767 1304 naccum
786 1243 983 1305 Marathonio
1037 1244 1065 1315 ⁰,

92 1321 189 1400 possit
216 1342 374 1407 00me
412 1306 544 1402 &hiiah
618 1344 668 1387 am
691 1323 759 1403 pari
783 1325 873 1386 modo
899 1295 997 1453 apudl

92 1401 253 1464 Salamina
266 1422 361 1481 parvo
375 1423 501 1464 numero
514 1404 640 1465 navium
658 1404 794 1465 maxima
807 1413 875 1485 post
888 1405 982 1467 homi-

91 1501 170 1542 num
184 1483 360 1547 memoriam
375 1483 476 1544 elassis
490 1492 534 1545 est
547 1483 674 1549 devicta.
997 1489 1036 1550 15

135 1561 195 1624 VI.
223 1562 356 1642 Magnus
380 1564 437 1624 hoa
458 1554 539 1625 hello
562 1562 864 1660 Themistoclesffihit,
884 1586 982 1646 neque

89 1642 195 1703 minor
213 1641 247 1703 in
266 1663 349 1723 pace
390 1643 469 1704 Cum
489 1643 570 1705 enim
590 1644 750 1709 Phalerico
770 1656 860 1725 portu
884 1667 982 1726 neque

89 1743 206 1803 magno
219 1743 316 1804 neque
329 1722 408 1785 hono
422 1723 621 1803 Athenienses
634 1733 702 1784 uter
740 1734 799 1799 tur,
810 1726 900 1806 hujus
914 1748 981 1787 con-

88 1803 161 1864 silio
175 1803 290 1897 triplex
304 1796 406 1864 Piiaei
418 1813 524 1884 portus
538 1825 572 1865 eo
633 1814 646 1864 t
738 1815 782 1871 est
806 1804 831 1865 is
874 1826 1002 1881 emoe,
1024 1864 1046 1891 N

88 1883 183 1944 nibus
204 1884 374 1969 omcumclat
395 1905 420 1958 s,
433 1885 494 1945 uti
515 1905 579 1946 sam
593 1885 699 1945 urbem
713 1853 831 1966 dighits
881 1880 981 1966 aequi·
995 1872 1035 1952 20

88 1973 225 2045 pararet,
252 1964 355 2025 util'ta
419 1985 561 2045 superare
616 1964 744 2049 idem:
757 1986 859 2041 muros
886 1965 981 2028 Athe-

88 2044 273 2105 niensiumr
330 2045 389 2105 tuit
401 2045 504 2124 praeci
526 2066 565 2105 uo
600 2032 799 2124 homericum.
839 2045 981 2126 Namque

89 2123 474 2265 mmmmm
488 2146 499 2184 1
558 2067 629 2185 eila
641 2124 724 2187 nacti
737 2134 861 2206 propter
873 2127 980 2188 barba·
995 2125 1002 2201 Ι
1020 2132 1038 2167 Ἰ

89 2225 196 2265 rorum
224 2225 281 2266 exc
304 2225 425 2280 telones,
451 2226 514 2287 (flia
540 2214 695 2289 negarent,
722 2217 859 2287 oportere
891 2218 980 2270 extra
995 2204 1013 2255 l'
1033 2198 1050 2227 ⁸

88 2285 336 2365 Peloponnesum
355 2286 453 2349 ullam
473 2278 580 2346 urbem
599 2284 720 2361 habere,
737 2308 776 2348 ne
796 2296 893 2350 essent
912 2287 980 2350 loca
994 2268 1033 2350 95

87 2367 222 2440 munita,
236 2386 314 2446 quae
334 2365 433 2427 hostes
452 2366 859 2451 possiderent„Athenienscs
879 2369 979 2429 aedifi-

87 2455 194 2509 cantes
204 2445 364 2526 prohibere
376 2454 448 2507 sunt
458 2446 592 2528 conati,
608 2447 678 2508 Hoc
689 2447 777 2528 longe
791 2448 851 2509 alio
866 2457 978 2529 specta·

86 2525 144 2588 bat
164 2536 259 2607 atque
278 2526 376 2590 videri
393 2526 546 2589 volebant.
587 2526 786 2589 Athenienses
805 2529 886 2588 euim
906 2530 969 2590 dua

86 2606 147 2669 bus
160 2607 307 2681 victoriis,
322 2607 519 2668 Marathonia
538 2614 569 2668 et
588 2606 765 2689 Salaminia
778 2616 897 2669 tantam
916 2610 978 2689 glo

86 2689 169 2752 riam
190 2687 276 2767 apud
295 2708 397 2749 omncs
417 2695 520 2767 gentes
539 2696 627 2748 erant
647 2676 807 2762 honsecuti
821 2697 856 2749 ut
869 2688 979 2751 intelli·
993 2692 1033 2754 30

85 2776 197 2849 gerent
224 2767 466 2841 Lacedaemonii,
488 2768 533 2861 dg
542 2767 722 2865 tprincipatu
749 2768 807 2853 sibi
835 2789 917 2849 onum
931 2771 978 2851 his

86 2858 246 2910 certamen
259 2848 330 2909 fore.
373 2848 479 2925 Quare
497 2854 547 2908 “eos
568 2869 660 2929 quam
679 2842 896 2911 infirmissimos
917 2871 978 2912 esse
988 2853 1024 2889 *l

85 2928 244 2992 volebant.
286 2875 451 3010 &equam
464 2938 566 2990 autem
577 2929 739 2990 audierunt
748 2950 850 2991 muros
860 2930 978 3005 instrui,

85 3007 207 3089 legatos
252 3018 266 3070 t
288 3029 359 3070 enas
372 3009 527 3089 miserunt,
538 3009 591 3090 qui
605 3009 637 3069 id
651 3009 716 3070 fieri
729 3018 876 3072 vetarent
918 3010 978 3072 His

85 3074 217 3170 prahiih
264 3109 299 3151 us
319 3072 480 3162 uersuti,
495 3110 531 3152 ao
544 3110 575 3151 se
589 3090 675 3150 deca
689 3109 721 3150 re
735 3089 849 3170 legatos
868 3089 909 3152 ad
929 3111 978 3152 eos
993 3090 1032 3151 35

85 3164 233 3231 missuros
247 3169 399 3230 dixerunt.
441 3169 533 3230 Hanc
553 3169 735 3250 legationem
755 3170 885 3249 suscepit
902 3170 978 3230 The

85 3248 242 3311 mistoeles
255 3257 286 3310 et
298 3248 379 3311 solus
393 3250 491 3330 primo
506 3249 656 3328 profectus
676 3258 739 3322 est3
760 3249 871 3326 reliqui
884 3248 977 3326 legati

84 3339 123 3391 ut
143 3337 213 3390 tum
234 3329 361 3401 exirent,
382 3349 452 3389 cum
475 3329 547 3390 satis
571 3327 701 3389 altitudo
722 3327 803 3384 muri
824 3333 978 3415 enstrncta

84 3409 255 3484 videretur,
282 3408 453 3491 praecepit;
486 3406 609 3469 interim
636 3423 746 3477 omues,
774 3420 853 3463 servi
886 3408 978 3478 atque
