2346 3704
376 144 703 200 rnrrsreunus.
996 143 1038 210 41

38 350 43 361 ·
86 309 167 375 «fuir
209 308 297 371 Haec
310 308 392 369 enim
406 308 475 368 illos
492 328 596 387 segnes
612 307 651 368 ad
668 312 916 390 persequendum,
929 315 985 378 hos

95 400 211 466 autem,
225 399 360 470 tempore
380 390 420 451 ad
441 390 678 469 comparandum
699 392 779 466 dato,
793 393 865 455 fecit
882 396 984 458 robus·

94 473 198 534 tiores.
239 473 310 550 Quo
325 473 421 552 magis
432 481 626 552 praeceptum
635 472 713 532 illud
724 475 859 535 omnium
872 475 905 536 in
919 479 983 539 ani·

94 555 154 614 mis
180 574 242 614 esse
265 553 376 619 debet:
395 553 482 613 Nihil
504 554 536 614 in
556 555 637 615 bello
657 565 793 634 oportere
814 560 982 632 contemni;

94 654 195 714 neque
207 635 273 694 sino
286 654 377 694 eausa
387 635 464 694 diei:
479 643 606 694 matrem
617 635 716 695 timidi
728 635 799 696 flere
808 658 869 697 non
879 639 981 700 solere.
1016 641 1036 700 ὅ

93 715 205 795 Neque
223 723 326 775 tamen
346 735 401 793 pro
422 715 562 794 opinione
582 716 765 797 Thrasybuli
785 728 892 779 auctae
910 729 982 781 sunt

91 816 176 876 opoe.
217 796 300 856 Nam
315 797 383 877 jam
402 805 469 857 tum
490 796 552 858 illis
572 798 757 876 temporibus
780 799 887 860 fortius
909 800 982 861 boni

91 898 150 958 pro
172 876 314 939 libertate
334 878 536 957 loquebantur
557 899 648 958 quam
669 878 855 959 pugnabant.
896 881 980 943 Hinc

91 960 125 1019 in
140 959 286 1019 Piraeum
299 959 421 1020 transiit
437 959 698 1040 Munychiam'que
712 961 852 1021 munivit
888 961 981 1023 Hanc

90 1040 140 1102 bis
154 1041 280 1120 tyranni
294 1061 470 1121 oppugnare
482 1050 554 1102 sunt
567 1042 674 1115 adorti,
689 1042 728 1104 ab
742 1064 777 1102 ea
797 1032 836 1102 ire
851 1042 981 1121 turpiter
995 1042 1034 1104 10

90 1121 211 1202 repulsi
231 1123 370 1202 protinus
393 1123 426 1183 in
449 1121 565 1196 urbem,
587 1121 680 1183 armis
701 1065 981 1204 impedimentisque

90 1203 222 1278 amissis,
248 1202 433 1283 refugerrmt
487 1202 570 1266 Usus
603 1212 648 1264 eat
681 1203 889 1283 Thrasybulus
918 1225 980 1267 non

89 1285 196 1345 minus
216 1285 379 1371 prudentia
398 1305 491 1364 quam
511 1285 697 1347 fortitudine.
739 1285 820 1346 Nam
843 1286 980 1348 cedentes

89 1366 205 1429 violari
225 1368 340 1439 vetuit;
361 1366 441 1428 cives
461 1366 542 1427 enim
566 1365 683 1428 civibus
704 1387 826 1446 parcere
849 1389 979 1447 aequum
1107 1430 1112 1439 ,

89 1446 243 1508 censebat.
284 1446 393 1526 Neque
413 1447 572 1526 quisquam
593 1455 637 1506 est
650 1438 835 1522 vulneratus,
849 1448 907 1507 nisi
927 1451 979 1528 qui
995 1450 1033 1509 15

89 1530 179 1610 prior
198 1529 378 1609 impugnare
397 1529 504 1590 voluit.
545 1528 706 1588 Neminem
724 1530 876 1608 jacentem
896 1539 979 1591 veste

88 1609 255 1690 spoliavit3
275 1609 320 1668 nil
341 1608 452 1689 attigit,
472 1608 530 1669 nisi
551 1629 645 1683 arma,
687 1630 794 1670 uorum
815 1610 979 1689 indigebat,

89 1711 232 1773 quaeque
246 1692 285 1752 ad
298 1691 415 1752 victum
428 1690 628 1770 pertinebant
666 1631 706 1750 ln
720 1691 850 1750 secundo
864 1691 979 1768 proelio

89 1772 204 1835 cecidit
218 1770 336 1845 Critias,
351 1771 417 1832 dux
434 1780 642 1852 tyrannorum,
657 1791 726 1830 cum
747 1770 869 1849 quidem
890 1772 979 1831 exad-

88 1873 198 1919 versus
211 1851 437 1934 Thrasybulum
450 1851 608 1911 fortissime
621 1861 779 1929 pugnaret.
993 1851 1033 1911 20

133 1934 197 1997 III.
218 1934 288 1996 Hoc
308 1934 423 2013 dejecto
442 1932 542 1999 Pausa
565 1933 572 1946 ’
621 1933 706 1993 veuit
720 1931 833 1992 Atticis
853 1930 978 2005 auxilio,

88 2037 151 2078 rex
177 2015 494 2077 Lacedaemoniorum.
554 2036 567 2073 s
594 2014 672 2072 iuter
699 2011 924 2092 Thrasybulum
949 2021 979 2072 et

88 2118 154 2171 eost,
167 2097 220 2178 qui
233 2095 340 2171 urbem
353 2090 506 2170 tenebant,
520 2095 591 2155 feeit
609 2114 715 2173 pacem
732 2092 781 2153 his
800 2091 979 2153 condioioni·

88 2180 168 2241 bus:
189 2164 298 2265 11111111
310 2184 430 2257 praeter
446 2177 573 2257 triginta
590 2183 735 2255 tyrannos
753 2182 784 2233 et
799 2173 911 2248 decem,
926 2174 979 2254 qui

87 2267 199 2343 postea
219 2266 372 2339 praetores
395 2259 488 2318 creati
509 2257 669 2335 superioris
690 2276 772 2317 more
792 2253 978 2315 crudelitatis
992 2254 1031 2314 25

87 2351 182 2404 erant
204 2340 262 2414 usi,
282 2340 472 2400 afficerentur
495 2337 618 2409 exsili03
641 2358 717 2398 neve
741 2335 821 2396 bona
844 2334 978 2414 publica

87 2431 216 2495 rentur3
244 2420 289 2481 rei
307 2418 449 2500 publicae
469 2418 640 2499 procuratio
661 2417 775 2496 populo
794 2416 977 2477 redderetur.

88 2503 292 2581 Praeolarum
319 2501 377 2561 hoe
403 2520 522 2595 quoque
549 2498 742 2578 Thrasybuli,
764 2495 854 2576 quod,
878 2516 979 2557 recon-

88 2586 199 2649 ciliata
216 2604 300 2664 pace,
314 2603 384 2644 cum
397 2583 565 2662 plurimum
578 2582 610 2639 in
624 2579 748 2640 civitate
760 2587 866 2657 posset,
881 2577 979 2659 legem

87 2666 177 2741 tulit,
189 2685 228 2725 ne
245 2667 312 2746 quis
331 2673 404 2725 ante
422 2670 560 2723 actarum
576 2680 678 2722 rerum
696 2668 886 2720 accusaretur
902 2679 979 2721 neve
993 2659 1032 2720 30

59 2732 295 2819 ”firmatarum
339 2765 467 2824 eamque
499 2743 546 2803 illi
580 2740 741 2805 oblivionis
774 2740 977 2820 appellarunt

90 2820 979 2911 111111111111111111111111111111111111111111111111111111,
1078 2898 1082 2903 .

90 2919 131 2973 ut
150 2898 275 2983 valeret,
297 2908 401 2968 effecit.
443 2906 525 2967 Nam
552 2926 621 2966 eum
649 2904 773 2987 quidam
797 2922 836 2963 ex
859 2901 905 2977 iis,
925 2903 979 2984 qui

91 2991 187 3056 simul
201 3011 272 3051 eum
286 2990 366 3051 eoin
379 2987 486 3049 exsilio
495 2987 625 3059 tirerant,
636 2986 757 3046 eaedem
768 2983 865 3043 faeere
875 3003 979 3043 eorum

91 3073 220 3147 vellent,
231 3093 301 3133 oum
315 3070 424 3151 quibus
438 3069 469 3128 in
483 3069 614 3148 gratiam
628 3066 758 3126 reditum
772 3072 837 3125 erat
850 3063 980 3143 publice,
994 3061 1032 3120 35

92 3152 255 3238 prohibuit
267 3160 298 3212 et
311 3151 351 3227 id,
367 3150 448 3233 quod
461 3149 615 3231 pollicitus
628 3156 701 3219 orat,
715 3143 873 3226 praestitit.

135 3234 195 3299 IV.
217 3232 302 3295 Huic
321 3253 377 3312 pro
397 3232 490 3294 tantis
510 3229 625 3290 meritis
639 3227 759 3287 honoris
774 3243 884 3284 corona
897 3243 916 3281 a
929 3242 980 3299 po·

91 3317 170 3399 pulo
184 3315 258 3376 data
272 3324 324 3388 est,
338 3313 421 3373 facta
440 3310 559 3370 duabus
572 3307 701 3385 virgulis
721 3302 874 3377 oleaginis,
888 3318 981 3375 quam

92 3397 179 3480 quod
202 3415 289 3458 amor
312 3394 426 3457 civium
448 3398 479 3453 et
498 3409 561 3452 non
581 3386 627 3449 vis
649 3375 994 3465 1111111111,1111111111ἡ
